@misc{OurSoft,
  key = {zzz},
  year = {2010},
  howpublished = { url{http://algo.inria.fr/chen/BivRatCT/}}
}


% Cheat to fit on two lines.
%   JOURNAL = {J. Symbolic Comput.},
%    NUMBER = {6},
@article {Almkvist1990,
    AUTHOR = {Almkvist, Gert and Zeilberger, Doron},
     TITLE = {The method of differentiating under the integral sign},
   JOURNAL = {J. Symbolic Comput.},
  FJOURNAL = {Journal of Symbolic Computation},
    VOLUME = {10},
      YEAR = {1990},
     PAGES = {571--591},
      ISSN = {0747-7171},
   MRCLASS = {26-04 (26A99 33-04 68Q40)},
  MRNUMBER = {MR1087980 (92d:26003)},
MRREVIEWER = {Pavel S. Pankov},
}

@book {Abel1881,
    AUTHOR = {Abel, Niels Henrik},
     TITLE = {{\OE}uvres {C}ompl\`etes de {N}iels {H}enrik {A}bel. {T}ome
              {II}},
      NOTE = {Contenant les m{\'e}moirs posthumes d'Abel. [Containing the
              posthumous memoirs of Abel],
              Edited and with notes by L. Sylow and S. Lie},
 PUBLISHER = {Imprimerie de Gr\o ndahl \& Son},
   ADDRESS = {Christiania},
      YEAR = {1981},
     PAGES = {vi+341},
   MRCLASS = {01A75},
  MRNUMBER = {963863 (90d:01090b)},
}



@article {Abramov1975,
    AUTHOR = {Abramov, Sergei A.},
     TITLE = {The rational component of the solution of a first order linear
              recurrence relation with rational right hand side},
   JOURNAL = {\v Z. Vy\v cisl. Mat. i Mat. Fiz.},
  FJOURNAL = {Akademija Nauk SSSR. \v Zurnal Vy\v cislitel\cprime no\u\i\
              Matematiki i Matemati\v cesko\u\i\ Fiziki},
    VOLUME = {15},
      YEAR = {1975},
    NUMBER = {4},
     PAGES = {1035--1039, 1090},
      ISSN = {0044-4669},
   MRCLASS = {39A10},
  MRNUMBER = {MR0393909 (52 \#14716)},
MRREVIEWER = {I. M. Sheffer},
}

@article{Abramov1989,
 author = {Abramov, Sergei A.},
 title = {Rational solutions of linear differential and difference equations with polynomial coefficients},
 journal = {USSR Comput. Math. Math. Phys.},
 volume = {29},
 number = {6},
 year = {1989},
 issn = {0041-5553},
 pages = {7--12},
 doi = {http://dx.doi.org/10.1016/S0041-5553(89)80002-3},
 publisher = {Pergamon Press, Inc.},
 address = {Tarrytown, NY, USA},
 }

@inproceedings{AbramovYu1991,
 author = {Abramov, Sergei A. and Kvansenko, K. Yu},
 title = {Fast algorithms to search for the rational solutions of linear differential equations with polynomial coefficients},
 booktitle = {ISSAC '91: Proceedings of the 1991
 {I}nternational {S}ymposium on {S}ymbolic and {A}lgebraic {C}omputation},
 year = {1991},
 isbn = {0-89791-699-9},
 pages = {267--270},
 location = {Montreal, Quebec, Canada},
 doi = {http://doi.acm.org/10.1145/220346.220383},
 publisher = {ACM},
 address = {New York, NY, USA},
 }


@inproceedings{Abramov1995,
 author = {Abramov, Sergei A.},
 title = {Rational solutions of linear difference and $q$-difference equations with polynomial coefficients},
 booktitle = {ISSAC '95: Proceedings of the 1995
 {I}nternational {S}ymposium on {S}ymbolic and {A}lgebraic {C}omputation},
 year = {1995},
 isbn = {0-89791-699-9},
 pages = {285--289},
 location = {Montreal, Quebec, Canada},
 doi = {http://doi.acm.org/10.1145/220346.220383},
 publisher = {ACM},
 address = {New York, NY, USA},
 }


@article {Abramov1999,
    AUTHOR = {Abramov, Sergei A.},
     TITLE = {Rational solutions of linear difference and {$q$}-difference
              equations with polynomial coefficients},
   JOURNAL = {Programmirovanie},
  FJOURNAL = {Rossi\u\i skaya Akademiya Nauk. Programmirovanie},
      YEAR = {1999},
    NUMBER = {6},
     PAGES = {74--80},
      ISSN = {0132-3474},
   MRCLASS = {65H05 (65Q05 68W30)},
  MRNUMBER = {MR1778144 (2001e:65083)},
}

@inproceedings {Abramov2001,
    AUTHOR = {Abramov, Sergei A. and Petkov{\v{s}}ek, Marko},
     TITLE = {Minimal decomposition of indefinite hypergeometric sums},
 BOOKTITLE = {ISSAC'01: Proceedings of the 2001
{I}nternational {S}ymposium on {S}ymbolic and {A}lgebraic {C}omputation},
     PAGES = {7--14 (electronic)},
 PUBLISHER = {ACM},
   ADDRESS = {New York},
      YEAR = {2001},
   MRCLASS = {33F10},
  MRNUMBER = {MR2044586 (2004m:33034)},
}

@misc{AbramovPetkovsek2001,
  author = {Abramov, Sergei A. and Petkov{\v{s}}ek, Marko},
  title = {Proof of a conjecture of {W}ilf and {Z}eilberger},
  year = 2001,
  note = {Preprints Series of the Institute of Mathematics, Physics and Mechanics 39(748)(2001), Ljubljana,
March 9, 2001.},
}


@article{AbramovPetkovsek2002a,
 author = {Abramov, Sergei A. and Petkov\v{s}ek, Marko},
 title = {On the structure of multivariate hypergeometric terms},
 journal = {Adv. Appl. Math.},
 volume = {29},
 number = {3},
 year = {2002},
 issn = {0196-8858},
 pages = {386--411},
 doi = {http://dx.doi.org/10.1016/S0196-8858(02)00022-2},
 publisher = {Academic Press, Inc.},
 address = {Orlando, FL, USA},
 }


 @article {AbramovPetkovsek2002b,
    AUTHOR = {Abramov, Sergei A. and Petkov{\v{s}}ek, Marko},
     TITLE = {Rational normal forms and minimal decompositions of
              hypergeometric terms},
   JOURNAL = {J. Symbolic Comput.},
  FJOURNAL = {Journal of Symbolic Computation},
    VOLUME = {33},
      YEAR = {2002},
    NUMBER = {5},
     PAGES = {521--543},
      ISSN = {0747-7171},
   MRCLASS = {33F10 (68W30)},
  MRNUMBER = {MR1919902 (2004i:33037)},
       DOI = {10.1006/jsco.2002.0522},
       URL = {http://dx.doi.org/10.1006/jsco.2002.0522},
}

@inproceedings {Abramov2002b,
    AUTHOR = {Abramov, Sergei A.},
     TITLE = {Applicability of {Z}eilberger's algorithm to hypergeometric
              terms},
 BOOKTITLE = {ISSAC'02: Proceedings of the 2002
 {I}nternational {S}ymposium on {S}ymbolic and {A}lgebraic {C}omputation},
     PAGES = {1--7},
 PUBLISHER = {ACM},
   ADDRESS = {New York},
      YEAR = {2002},
   MRCLASS = {33F10},
  MRNUMBER = {MR2035226 (2005f:33040)},
MRREVIEWER = {},
}

@inproceedings {AbramovLePetkovsek2003,
    AUTHOR = {Abramov, Sergei A. and Le, Ha Quang and Petkov{\v{s}}ek, Marko},
     TITLE = {Rational canonical forms and efficient representations of hypergeometric terms},
 BOOKTITLE = {ISSAC'03: Proceedings of the 2003
{I}nternational {S}ymposium on {S}ymbolic and {A}lgebraic {C}omputation},
     PAGES = {7--14},
 PUBLISHER = {ACM},
   ADDRESS = {New York},
      YEAR = {2003},
   MRCLASS = {33F10},
  MRNUMBER = {MR2035226 (2005f:33040)},
MRREVIEWER = {Marko Petkov{\v{s}}ek},
}

@article {Abramov2004,
    AUTHOR = {Abramov, Sergei A. and Carette, Jacques J. and Geddes, Keith O. and Le, Ha Quang},
     TITLE = {Telescoping in the context of symbolic summation in {M}aple},
   JOURNAL = {J. Symbolic Comput.},
  FJOURNAL = {Journal of Symbolic Computation},
    VOLUME = {38},
      YEAR = {2004},
    NUMBER = {4},
     PAGES = {1303--1326},
      ISSN = {0747-7171},
   MRCLASS = {05E35 (33F10 68W30)},
  MRNUMBER = {2094542 (2005f:05173)},
       DOI = {10.1016/j.jsc.2003.08.010},
       URL = {http://dx.doi.org/10.1016/j.jsc.2003.08.010},
}



@article {AbramovLe2002,
    AUTHOR = {Abramov, Sergei A. and Le, Ha Quang},
     TITLE = {A criterion for the applicability of {Z}eilberger's algorithm
              to rational functions},
   JOURNAL = {Discrete Math.},
  FJOURNAL = {Discrete Mathematics},
    VOLUME = {259},
      YEAR = {2002},
    NUMBER = {1-3},
     PAGES = {1--17},
      ISSN = {0012-365X},
     CODEN = {DSMHA4},
   MRCLASS = {33F10 (68W30)},
  MRNUMBER = {MR1948770 (2004h:33043)},
MRREVIEWER = {Marko Petkov{\v{s}}ek},
       DOI = {10.1016/S0012-365X(02)00442-9},
       URL = {http://dx.doi.org/10.1016/S0012-365X(02)00442-9},
}

@article {AbramovPetkovsek2008,
    AUTHOR = {Abramov, Sergei A. and Petkov{\v{s}}ek, Marko},
     TITLE = {Dimensions of solution spaces of {$H$}-systems},
   JOURNAL = {J. Symbolic Comput.},
  FJOURNAL = {Journal of Symbolic Computation},
    VOLUME = {43},
      YEAR = {2008},
    NUMBER = {5},
     PAGES = {377--394},
      ISSN = {0747-7171},
   MRCLASS = {33C70 (39A05)},
  MRNUMBER = {2406570 (2009a:33016)},
MRREVIEWER = {Eugenia N. Petropoulou},
       DOI = {10.1016/j.jsc.2007.11.006},
       URL = {http://dx.doi.org/10.1016/j.jsc.2007.11.006},
}



@article {Abramov2003,
    AUTHOR = {Abramov, Sergei A.},
     TITLE = {When does {Z}eilberger's algorithm succeed?},
   JOURNAL = {Adv. in Appl. Math.},
  FJOURNAL = {Advances in Applied Mathematics},
    VOLUME = {30},
      YEAR = {2003},
    NUMBER = {3},
     PAGES = {424--441},
      ISSN = {0196-8858},
   MRCLASS = {33F10 (05A15)},
  MRNUMBER = {MR1973952 (2005c:33017)},
MRREVIEWER = {Marko Petkov{\v{s}}ek},
       DOI = {10.1016/S0196-8858(02)00504-3},
       URL = {http://dx.doi.org/10.1016/S0196-8858(02)00504-3},
}

% Cheat to fit on three lines
%              algorithms and the sharpening of {W}ilf-{Z}eilberger theory},
@article {Apagodu2006,
    AUTHOR = {Apagodu, Moa and Zeilberger, Doron},
     TITLE = {Multi-variable {Z}eilberger and {A}lmkvist-{Z}eilberger
              algorithms and the sharpening of {W}ilf-{} {Z}eilberger theory},
   JOURNAL = {Adv. in Appl. Math.},
  FJOURNAL = {Advances in Applied Mathematics},
    VOLUME = {37},
      YEAR = {2006},
    NUMBER = {2},
     PAGES = {139--152},
      ISSN = {0196-8858},
   MRCLASS = {33F10 (05A20 05A30 65D30 68W30)},
  MRNUMBER = {MR2251432 (2008e:33054)},
MRREVIEWER = {Carsten Schneider},
}

@ARTICLE{BronsteinPetkovsek1996,
    author = {Manuel Bronstein and Marko Petkov{\v{s}}ek},
    title = {An Introduction to Pseudo-Linear Algebra},
    journal = {Theoretical Computer Science},
    year = {1996},
    volume = {157},
    pages = {3--33}
}


@article {Bernstein1971,
    AUTHOR = {Bern{\v{s}}te{\u\i}n, Joseph},
     TITLE = {Modules over a ring of differential operators. {A}n
              investigation of the fundamental solutions of equations with
              constant coefficients},
   JOURNAL = {Funkcional. Anal. i Prilo\v zen.},
  FJOURNAL = {Akademija Nauk SSSR. Funkcional\cprime nyi Analiz i ego
              Prilo\v zenija},
    VOLUME = {5},
      YEAR = {1971},
    NUMBER = {2},
     PAGES = {1--16},
      ISSN = {0374-1990},
   MRCLASS = {46.40 (13.00)},
  MRNUMBER = {0290097 (44 \#7282)},
MRREVIEWER = {S. Lojasiewicz},
}


@inproceedings{BCCS2006,
    author      = {Bostan, Alin and Chyzak, Fr{\'e}d{\'e}ric and Cluzeau,
  Thomas and Salvy, Bruno},
    title       = {Low Complexity Algorithms for Linear Recurrences},
    booktitle   = {ISSAC'06: Proceedings of the 2006
{I}nternational {S}ymposium on {S}ymbolic and {A}lgebraic {C}omputation},
    year        = {2006},
    editor      = {Dumas, Jean-Guillaume},
    publisher   = {ACM Press},
    pages       = {31--38},
    doi         = {10.1145/1145768.1145781},
    arxiv       = {abs/cs/0605068},
    abstract    = {},
}

@incollection {BCLSS2007,
    AUTHOR = {Bostan, Alin and Chyzak, Fr{\'e}d{\'e}ric and Salvy, Bruno and
              Lecerf, Gr{\'e}goire and Schost, {\'E}ric},
     TITLE = {Differential equations for algebraic functions},
 BOOKTITLE = {ISSAC'07: Proceedings of the 2007
{I}nternational {S}ymposium on {S}ymbolic and {A}lgebraic {C}omputation},
     PAGES = {25--32},
 PUBLISHER = {ACM},
   ADDRESS = {New York},
      YEAR = {2007},
   MRCLASS = {68W30 (12H05 34M15)},
  MRNUMBER = {MR2396180},
}

@Unpublished{BCLS2008,
  author =   {Bostan, Alin and Chyzak, Fr{\'e}d{\'e}ric and Li, Ziming and Salvy, Bruno},
  title =    {Common multiples of linear ordinary differential and difference operators},
  note =     {In preparation}
}

@inproceedings{BCCL2010,
 author = {Bostan, Alin and Chen, Shaoshi and Chyzak, Fr\'{e}d\'{e}ric and Li, Ziming},
 title = {Complexity of creative telescoping for bivariate rational functions},
 booktitle = {ISSAC '10: Proceedings of the 2010
 {I}nternational {S}ymposium on {S}ymbolic and {A}lgebraic {C}omputation},
 year = {2010},
 isbn = {978-1-4503-0150-3},
 pages = {203--210},
 location = {Munich, Germany},
 doi = {http://doi.acm.org/10.1145/1837934.1837975},
 publisher = {ACM},
 address = {New York, NY, USA},
 }

 @article {Chudnovsky1987,
    AUTHOR = {Chudnovsky, David Volfovich and Chudnovsky, Gregory Volfovich},
     TITLE = {On expansion of algebraic functions in power and {P}uiseux
              series. {II}},
   JOURNAL = {J. Complexity},
  FJOURNAL = {Journal of Complexity},
    VOLUME = {3},
      YEAR = {1987},
    NUMBER = {1},
     PAGES = {1--25},
      ISSN = {0885-064X},
   MRCLASS = {68Q25 (11Q05 12-04 58F07 65D15)},
  MRNUMBER = {883165 (90d:68031b)},
MRREVIEWER = {John Todd},
}
        @article {Chudnovsky1986,
    AUTHOR = {Chudnovsky, David Volfovich and Chudnovsky, Gregory Volfovich},
     TITLE = {On expansion of algebraic functions in power and {P}uiseux
              series. {I}},
   JOURNAL = {J. Complexity},
  FJOURNAL = {Journal of Complexity},
    VOLUME = {2},
      YEAR = {1986},
    NUMBER = {4},
     PAGES = {271--294},
      ISSN = {0885-064X},
   MRCLASS = {68Q25 (11Q05 12-04 58F07 65D15)},
  MRNUMBER = {923022 (90d:68031a)},
MRREVIEWER = {John Todd},
}

@article {Comtet1964,
    AUTHOR = {Comtet, Louis},
     TITLE = {Calcul pratique des coefficients de {T}aylor d'une fonction
              alg\'ebrique},
   JOURNAL = {Enseignement Math. (2)},
  FJOURNAL = {L'Enseignement Math\'ematique. Revue Internationale. IIe
              S\'erie},
    VOLUME = {10},
      YEAR = {1964},
     PAGES = {267--270},
      ISSN = {0013-8584},
   MRCLASS = {65.99},
  MRNUMBER = {0164441 (29 \#1738)},
MRREVIEWER = {P. J. Davis},
}

@misc{CCFL2010,
  author = {Chen, Shaoshi and Chyzak,  Fr\'ed\'eric and Feng, Ruyong and Li, Ziming},
  title = {The Existence of Telescopers for Hyperexponential-Hypergeometric Functions},
  year = 2010,
  note = {MM-Res. Preprints (2010) No. 29, 239-267},
}



@misc{ChenLi2010,
  author = {Chen, Shaoshi and Li, Ziming},
  title = {A Note on {O}strogradsky and {H}orowitz's Method},
  year = 2010,
  note = {MM-Res. Preprints (2010) No. 29, 36-47},
}

@misc{ChenLi2010b,
  author = {Chen, Shaoshi and Li, Ziming},
  title = {A Multiplicative Form of Multivariate Hyperexponential-Hypergeometric Functions},
  year = 2010,
  note = {MM-Res. Preprints (2010) No. 29, 25-35},
}

@Unpublished{CCFL2010,
  author =   {Chen, Shaoshi and Chyzak, Fr{\'e}d{\'e}ric and and Feng, Ruyong and Li, Ziming},
  title =    {On the existence of telescopers for hyperexponential-hypergeomeytric functions},
  note =     {In preparation}
}

@phdthesis{ChenThesis,
    author      = {Chen, Shaoshi},
    title       = {Some applications of differential-difference algebra to creative telescoping},
    year        = {2011},
    month       = {February},
    school      = {{\'E}cole {P}olytechnique (Palaiseau, France)},
    note        = {},
    abstract    = {},
}

@Unpublished{CFFL2011,
  author =   {Chen, Shaoshi and Feng, Ruyong, and Fu, Guofeng and Li, Ziming},
  title =    {On the structure of compatible rational functions},
  note =     {In preparation}
}


@book {BronsteinBook,
    AUTHOR = {Bronstein, Manuel},
     TITLE = {{S}ymbolic {I}ntegration {I}: {T}ranscendental {F}unctions},
    SERIES = {Algorithms and Computation in Mathematics},
    VOLUME = {1},
   EDITION = {Second},
      NOTE = {},
 PUBLISHER = {Springer-Verlag},
   ADDRESS = {Berlin},
      YEAR = {2005},
     PAGES = {xvi+325},
      ISBN = {3-540-21493-3},
   MRCLASS = {68W30 (00-01 12H05 33B10 33F10)},
  MRNUMBER = {MR2106657 (2005i:68092)},
MRREVIEWER = {Jean Moulin Ollagnier},
}


@book {Chevalley1951,
    AUTHOR = {Chevalley, Claude},
     TITLE = {Introduction to the {T}heory of {A}gebraic {F}unctions of {O}ne {V}ariable},
    SERIES = {Mathematical Surveys},
    VOLUME = {VI},
   EDITION = {},
      NOTE = {},
 PUBLISHER = {Amerian Mathematical Society},
   ADDRESS = {N.Y.},
      YEAR = {1951},
     PAGES = {xi+188},
      ISBN = {},
   MRCLASS = {},
  MRNUMBER = {},
MRREVIEWER = {},
}

@inproceedings{Chyzak2009,
 author = {Chyzak, Fr\'{e}d\'{e}ric and Kauers, Manuel and Salvy, Bruno},
 title = {A non-holonomic systems approach to special function identities},
 booktitle = {ISSAC '09: Proceedings of the 2009
 {I}nternational {S}ymposium on {S}ymbolic and {A}lgebraic {C}omputation},
 year = {2009},
 isbn = {978-1-60558-609-0},
 pages = {111--118},
 location = {Seoul, Republic of Korea},
 doi = {http://doi.acm.org/10.1145/1576702.1576720},
 publisher = {ACM},
 address = {New York, NY, USA},
 }

@inproceedings{chen14a,
 author = "Shaoshi Chen and Manuel Kauers and Christoph Koutschan",
 title = "A Generalized Apagodu-Zeilberger Algorithm",
 year = "2014",
 booktitle = "Proceedings of ISSAC'14",
 pages = "107--114"
}

@article{chyzak00,
 author = "Fr{\'e}d{\'e}ric Chyzak",
 title = "An Extension of {Z}eilberger's Fast Algorithm to General Holonomic Functions",
 journal = "Discrete Mathematics",
 volume = "217",
 pages = "115--134",
 year = "2000"
}

@article {ChyzakSalvy1998,
    AUTHOR = {Chyzak, Fr{\'e}d{\'e}ric and Salvy, Bruno},
     TITLE = {Non-commutative elimination in {O}re algebras proves
              multivariate identities},
   JOURNAL = {J. Symbolic Comput.},
  FJOURNAL = {Journal of Symbolic Computation},
    VOLUME = {26},
      YEAR = {1998},
    NUMBER = {2},
     PAGES = {187--227},
      ISSN = {0747-7171},
   MRCLASS = {68Q40 (05A19)},
  MRNUMBER = {1635242 (99g:68103)},
MRREVIEWER = {A. N. Philippou},
       DOI = {10.1006/jsco.1998.0207},
       URL = {http://dx.doi.org/10.1006/jsco.1998.0207},
}

@PHDTHESIS{ChyzakThesis,
  AUTHOR =       {Chyzak, Fr\'ed\'eric},
  TITLE =        {Fonctions {H}olonomes en {C}alcul {F}ormel},
  SCHOOL =       {{\'E}cole {P}olytechnique},
  YEAR =         {1998},
  type =         {},
  address =      {Paris, France},
  month =        {},
  note =         {INRIA, TU 0531. 227 pages.},
  abstract =     {},
  keywords =     {},
  source =       {},
}

@article {KKZ2009,
    AUTHOR = {Kauers, Manuel and Koutschan, Christoph and Zeilberger, Doron},
     TITLE = {Proof of {I}ra {G}essel's lattice path conjecture},
   JOURNAL = {Proc. Natl. Acad. Sci. USA},
  FJOURNAL = {Proceedings of the National Academy of Sciences of the United
              States of America},
    VOLUME = {106},
      YEAR = {2009},
    NUMBER = {28},
     PAGES = {11502--11505},
      ISSN = {1091-6490},
     CODEN = {PNASFB},
   MRCLASS = {05A15},
  MRNUMBER = {2538821 (2011b:05015)},
MRREVIEWER = {Aklilu Zeleke},
       DOI = {10.1073/pnas.0901678106},
       URL = {http://dx.doi.org/10.1073/pnas.0901678106},
}

@article {Koutschan2010,
    AUTHOR = {Koutschan, Christoph},
     TITLE = {A fast approach to creative telescoping},
   JOURNAL = {Math. Comput. Sci.},
  FJOURNAL = {Mathematics in Computer Science},
    VOLUME = {4},
      YEAR = {2010},
    NUMBER = {2-3},
     PAGES = {259--266},
      ISSN = {1661-8270},
   MRCLASS = {33F10 (68W30)},
  MRNUMBER = {2775992 (2012c:33052)},
MRREVIEWER = {Sonia P{\'e}rez-D{\'{\i}}az},
       DOI = {10.1007/s11786-010-0055-0},
       URL = {http://dx.doi.org/10.1007/s11786-010-0055-0},
}


@article {KKZ2011,
    AUTHOR = {Koutschan, Christoph and Kauers, Manuel and Zeilberger, Doron},
     TITLE = {Proof of {G}eorge {A}ndrews's and {D}avid {R}obbins's
              {$q$}-{TSPP} conjecture},
   JOURNAL = {Proc. Natl. Acad. Sci. USA},
  FJOURNAL = {Proceedings of the National Academy of Sciences of the United
              States of America},
    VOLUME = {108},
      YEAR = {2011},
    NUMBER = {6},
     PAGES = {2196--2199},
      ISSN = {1091-6490},
     CODEN = {PNASFB},
   MRCLASS = {05A15},
  MRNUMBER = {2775659 (2012c:05030)},
MRREVIEWER = {Jeremy Lovejoy},
       DOI = {10.1073/pnas.1019186108},
       URL = {http://dx.doi.org.prox.lib.ncsu.edu/10.1073/pnas.1019186108},
}


@article {Chyzak2000,
    AUTHOR = {Chyzak, Fr{\'e}d{\'e}ric},
     TITLE = {An extension of {Z}eilberger's fast algorithm to general
              holonomic functions},
      NOTE = {Formal power series and algebraic combinatorics (Vienna,
              1997)},
   JOURNAL = {Discrete Math.},
  FJOURNAL = {Discrete Mathematics},
    VOLUME = {217},
      YEAR = {2000},
    NUMBER = {1-3},
     PAGES = {115--134},
      ISSN = {0012-365X},
     CODEN = {DSMHA4},
   MRCLASS = {33F10 (05A19)},
  MRNUMBER = {1766263 (2001m:33041)},
MRREVIEWER = {Peter Paule},
       DOI = {10.1016/S0012-365X(99)00259-9},
       URL = {http://dx.doi.org/10.1016/S0012-365X(99)00259-9},
}




@book {Cerveau1982,
    AUTHOR = {Cerveau, Dominique and Mattei, Jean-Fran\c{c}ois},
     TITLE = {Formes {I}nt\'egrables {H}olomorphes {S}inguli\`eres},
    SERIES = {Ast\'erisque},
    VOLUME = {97},
      NOTE = {With an English summary},
 PUBLISHER = {Soci\'et\'e Math\'ematique de France},
   ADDRESS = {Paris},
      YEAR = {1982},
     PAGES = {193},
   MRCLASS = {58A10 (32C10 34C10 57R30 58F18 58F21)},
  MRNUMBER = {704017 (86f:58006)},
MRREVIEWER = {J. S. Joel},
}


@book {Cohn1965,
    AUTHOR = {Cohn, Richard M.},
     TITLE = {Difference {A}lgebra},
 PUBLISHER = {Interscience Publishers John Wiley \& Sons, New
              York-London-Sydeny},
      YEAR = {1965},
     PAGES = {xiv+355},
   MRCLASS = {12.80},
  MRNUMBER = {0205987 (34 \#5812)},
MRREVIEWER = {H. F. Kreimer},
}

@article {Cartier1992,
    AUTHOR = {Cartier, Pierre},
     TITLE = {D\'emonstration ``automatique'' d'identit\'es et fonctions
              hyperg\'eom\'etriques (d'apr\`es {D}.\ {Z}eilberger)},
      NOTE = {S{\'e}minaire Bourbaki, Vol. 1991/92},
   JOURNAL = {Ast\'erisque},
  FJOURNAL = {Ast\'erisque},
    NUMBER = {206},
      YEAR = {1992},
     PAGES = {Exp.\ No.\ 746, 3, 41--91},
      ISSN = {0303-1179},
   MRCLASS = {33D15 (11B65 33C20)},
  MRNUMBER = {1206064 (94a:33019)},
MRREVIEWER = {David M. Bressoud},
}


@book {Coutinho1995,
    AUTHOR = {Coutinho, S. C.},
     TITLE = {A {P}rimer of {A}lgebraic {$D$}-modules},
    SERIES = {London Mathematical Society Student Texts},
    VOLUME = {33},
 PUBLISHER = {Cambridge University Press},
   ADDRESS = {Cambridge},
      YEAR = {1995},
     PAGES = {xii+207},
      ISBN = {0-521-55119-6; 0-521-55908-1},
   MRCLASS = {32C38 (16S32)},
  MRNUMBER = {1356713 (96j:32011)},
MRREVIEWER = {Arno van den Essen},
       DOI = {10.1017/CBO9780511623653},
       URL = {http://dx.doi.org/10.1017/CBO9780511623653},
}



@article {Christopher1999,
    AUTHOR = {Christopher, Colin},
     TITLE = {Liouvillian first integrals of second order polynomial
              differential equations},
   JOURNAL = {Electron. J. Differential Equations},
  FJOURNAL = {Electronic Journal of Differential Equations},
      YEAR = {1999},
    VOLUME = {49},
     PAGES = {1-7},
      ISSN = {1072-6691},
   MRCLASS = {34A34 (34C08 34M99)},
  MRNUMBER = {1729833 (2000i:34017)},
MRREVIEWER = {Henryk {\.Z}o{\l}polhk adek},
}

@book {Davenport1981,
    AUTHOR = {Davenport, James Harold},
     TITLE = {On the {I}ntegration of {A}lgebraic {F}unctions},
    SERIES = {Lecture Notes in Computer Science},
    VOLUME = {102},
 PUBLISHER = {Springer-Verlag},
   ADDRESS = {Berlin},
      YEAR = {1981},
     PAGES = {197},
      ISBN = {3-540-10290-6},
   MRCLASS = {14H05 (14-04 14K15 26A06 68C20)},
  MRNUMBER = {617377 (84k:14024)},
MRREVIEWER = {Daniel Lazard},
}


@article {Chen2005,
    AUTHOR = {Chen, William Y. C. and Hou, Qing-Hu and Mu, Yan-Ping},
     TITLE = {Applicability of the {$q$}-analogue of {Z}eilberger's
              algorithm},
   JOURNAL = {J. Symbolic Comput.},
  FJOURNAL = {Journal of Symbolic Computation},
    VOLUME = {39},
      YEAR = {2005},
    NUMBER = {2},
     PAGES = {155--170},
      ISSN = {0747-7171},
   MRCLASS = {33F10 (68W30)},
  MRNUMBER = {MR2169798 (2006k:33048)},
MRREVIEWER = {Carsten Schneider},
       DOI = {10.1016/j.jsc.2004.09.002},
       URL = {http://dx.doi.org/10.1016/j.jsc.2004.09.002},
}


@article {Davenport1986,
    AUTHOR = {Davenport, James Harold},
     TITLE = {The {R}isch differential equation problem},
   JOURNAL = {SIAM J. Comput.},
  FJOURNAL = {SIAM Journal on Computing},
    VOLUME = {15},
      YEAR = {1986},
    NUMBER = {4},
     PAGES = {903--918},
      ISSN = {0097-5397},
     CODEN = {SMJCAT},
   MRCLASS = {12H05 (12H20 26A36 68Q40)},
  MRNUMBER = {MR861358 (88f:12011)},
MRREVIEWER = {G. Eisenreich},
       DOI = {10.1137/0215063},
       URL = {http://dx.doi.org/10.1137/0215063},
}

@article {Fasenmyer1947,
    AUTHOR = {Fasenmyer, Mary Celine},
     TITLE = {Some generalized hypergeometric polynomials},
   JOURNAL = {Bull. Amer. Math. Soc.},
  FJOURNAL = {Bulletin of the American Mathematical Society},
    VOLUME = {53},
      YEAR = {1947},
     PAGES = {806--812},
      ISSN = {0002-9904},
   MRCLASS = {33.0X},
  MRNUMBER = {0022276 (9,184b)},
MRREVIEWER = {S. C. van Veen},
}


@article {Fasenmyer1949,
    AUTHOR = {Fasenmyer, Mary Celine},
     TITLE = {A note on pure recurrence relations},
   JOURNAL = {Amer. Math. Monthly},
  FJOURNAL = {The American Mathematical Monthly},
    VOLUME = {56},
      YEAR = {1949},
     PAGES = {14--17},
      ISSN = {0002-9890},
   MRCLASS = {33.0X},
  MRNUMBER = {0030044 (10,704b)},
MRREVIEWER = {S. C. van Veen},
}


@article {Feng2010a,
    AUTHOR = {Feng, Ruyong and Singer, Michael F. and Wu, Min},
     TITLE = {Liouvillian solutions of linear difference-differential
              equations},
   JOURNAL = {J. Symbolic Comput.},
  FJOURNAL = {Journal of Symbolic Computation},
    VOLUME = {45},
      YEAR = {2010},
    NUMBER = {3},
     PAGES = {287--305},
      ISSN = {0747-7171},
   MRCLASS = {12H20 (12H05 34A30 39B42)},
  MRNUMBER = {2578340 (2010j:12011)},
MRREVIEWER = {I. S. Krasil{\cprime}shchik},
       DOI = {10.1016/j.jsc.2009.09.001},
       URL = {http://dx.doi.org/10.1016/j.jsc.2009.09.001},
}

@article{Feng2010b,
 author = {Feng, Ruyong and Singer, Michael F. and Wu, Min},
 title = {An algorithm to compute {L}iouvillian solutions of prime order linear difference-differential equations},
 journal = {J. Symbolic Comput.},
 volume = {45},
 number = {3},
 year = {2010},
 issn = {0747-7171},
 pages = {306--323},
 doi = {http://dx.doi.org/10.1016/j.jsc.2009.09.002},
 publisher = {Academic Press, Inc.},
 address = {Duluth, MN, USA},
 }

@misc{Feng2010,
  author = {Feng, Ruyong},
  title = {A note on the {G}alois group of linear differential-difference equations},
  year = 2010,
  note = {MM-Res. Preprints (2010) No. 29, 1--8},
}







%     PAGES = {Research Paper 8, 10 pp. (electronic)},
@article {Flaxman2004,
    AUTHOR = {Flaxman, Abraham and Harrow, Aram W. and Sorkin, Gregory B.},
     TITLE = {Strings with maximally many distinct subsequences and
              substrings},
   JOURNAL = {Electron. J. Combin.},
  FJOURNAL = {Electronic Journal of Combinatorics},
    VOLUME = {11},
      YEAR = {2004},
    NUMBER = {1},
     PAGES = {R8, 10 pp.},
      ISSN = {1077-8926},
   MRCLASS = {05A15 (05A16 05D40)},
  MRNUMBER = {MR2034422 (2004k:05016)},
MRREVIEWER = {Wen Li Chen},
       URL = {http://www.combinatorics.org/Volume_11/Abstracts/v11i1r8.html},
}

@book {MCA2003,
    AUTHOR = {von zur Gathen, Joachim and J{\"u}rgen, Gerhard},
     TITLE = {Modern {C}omputer {A}lgebra},
   EDITION = {Second},
 PUBLISHER = {Cambridge University Press},
   ADDRESS = {Cambridge},
      YEAR = {2003},
     PAGES = {xiv+785},
      ISBN = {0-521-82646-2},
   MRCLASS = {68W30 (11Y16 68-01 68-02)},
  MRNUMBER = {MR2001757 (2004g:68202)},
MRREVIEWER = {Jeffrey O. Shallit},
}
@article {Gelfand,
    AUTHOR = {Gel{'}fand, I.M. and Graev, M.I. and Retakh, V.S.},
     TITLE = {General hypergeometric systems of equations and series of
              hypergeometric type},
   JOURNAL = {Uspekhi Mat. Nauk (Russian), English translation in Russia Math Surveys },
  FJOURNAL = {Rossi\u\i skaya Akademiya Nauk. Moskovskoe Matematicheskoe
              Obshchestvo. Uspekhi Matematicheskikh Nauk},
    VOLUME = {47},
      YEAR = {1992},
    NUMBER = {4},
     PAGES = {3--82},
      ISSN = {0042-1316},
   MRCLASS = {33C70 (32G34 33C80 33D70)},
  MRNUMBER = {1208882 (94h:33005)},
MRREVIEWER = {V. A. Golubeva},
       DOI = {10.1070/RM1992v047n04ABEH000915},
       URL = {http://dx.doi.org/10.1070/RM1992v047n04ABEH000915},
}

@book {Gamkrelidze1986,
     EDITOR={Gamkrelidze, Revaz Valer'yanovich},
     TITLE = {Analysis. {I}},
    SERIES = {Encyclopaedia of Mathematical Sciences},
    VOLUME = {13},
      NOTE = {Integral representations and asymptotic methods,
              A translation of Sovremennye problemy matematiki.
              Fundamentalnye napravleniya, Tom 13, Akad. Nauk SSSR,
              Vsesoyuz. Inst. Nauchn. i Tekhn. Inform., Moscow, 1986,
              Translation by D. Newton,
              Translation edited by R. V. Gamkrelidze},
 PUBLISHER = {Springer-Verlag},
   ADDRESS = {Berlin},
      YEAR = {1989},
     PAGES = {vi+238},
      ISBN = {3-540-17008-1},
   MRCLASS = {00A12 (40-00 41-00 44-00)},
  MRNUMBER = {MR1042759 (90j:00027)},
}

@article {Gelfand,
    AUTHOR = {I.M.Gel'fand, M.I.Graev, and V.S.Retakh.},
     TITLE = {General hypergeometric systems of equations and series of hypergeometric type},
   JOURNAL = {Uspekhi Mat. Nauk (Russian), translation in: Russian Math. Surveys},
  FJOURNAL = {Uspekhi Mat. Nauk},
    VOLUME = {47},
      YEAR = {1992},
    NUMBER = {4},
     PAGES = {1--82},

}





@MISC{Gerhard1999,
    author = {Gerhard, J{\"u}rgen},
    title = {Fast modular algorithms for squarefree factorization and {H}ermite integration},
    year = {1999}
}


@article {Gerhard2001,
    AUTHOR = {Gerhard, J{\"u}rgen},
     TITLE = {Fast modular algorithms for squarefree factorization and
              {H}ermite integration},
   JOURNAL = {Appl. Algebra Engrg. Comm. Comput.},
  FJOURNAL = {Applicable Algebra in Engineering, Communication and
              Computing},
    VOLUME = {11},
      YEAR = {2001},
    NUMBER = {3},
     PAGES = {203--226},
      ISSN = {0938-1279},
     CODEN = {AAECEW},
   MRCLASS = {13P05 (65D30)},
  MRNUMBER = {MR1815131 (2002k:13047)},
MRREVIEWER = {James B. Coykendall},
       DOI = {10.1007/PL00004222},
       URL = {http://dx.doi.org/10.1007/PL00004222},
}

@inproceedings{Gerhard2003,
 author = {Gerhard, J{\"u}rgen and Giesbrecht, Mark and Storjohann, Arne and Zima, Eugene V.},
 title = {Shiftless decomposition and polynomial-time rational summation},
 booktitle = {Proceedings of the 2003 {I}nternational {S}ymposium on {S}ymbolic and {A}lgebraic {C}omputation},
 series = {ISSAC '03},
 year = {2003},
 isbn = {1-58113-641-2},
 location = {Philadelphia, PA, USA},
 pages = {119--126},
 numpages = {8},
 url = {http://doi.acm.org/10.1145/860854.860887},
 doi = {http://doi.acm.org/10.1145/860854.860887},
 acmid = {860887},
 publisher = {ACM},
 address = {New York, NY, USA},
 keywords = {},
}



% Cheating to fit on two lines.
% title = {Modular Algorithms in Symbolic Summation and Symbolic Integration (Lecture Notes in Computer Science)},
@book{Gerhard2004,
 author = {J{\"u}rgen Gerhard},
 title = {Modular {A}lgorithms in {S}ymbolic {S}ummation and {S}ymbolic {I}ntegration (LNCS)},
 year = {2004},
 isbn = {3540240616},
 publisher = {SpringerVerlag},
 }

 @inproceedings{Bronstein2005,
 author = {Bronstein, Manuel and Li, Ziming and Wu, Min},
 title = {Picard--{V}essiot extensions for linear functional systems},
 booktitle = {ISSAC '05: Proceedings of the 2005
 {I}nternational {S}ymposium on {S}ymbolic and {A}lgebraic {C}omputation},
 year = {2005},
 isbn = {1-59593-095-7},
 pages = {68--75},
 location = {Beijing, China},
 doi = {http://doi.acm.org/10.1145/1073884.1073896},
 publisher = {ACM},
 address = {New York, USA},
 }


@article {Hardouin2008,
    AUTHOR = {Hardouin, Charlotte and Singer, Michael F.},
     TITLE = {Differential {G}alois theory of linear difference equations},
   JOURNAL = {Math. Ann.},
  FJOURNAL = {Mathematische Annalen},
    VOLUME = {342},
      YEAR = {2008},
    NUMBER = {2},
     PAGES = {333--377},
      ISSN = {0025-5831},
     CODEN = {MAANA},
   MRCLASS = {39A10 (12H05 33B15 33D15 39A12)},
  MRNUMBER = {MR2425146 (2009j:39001)},
MRREVIEWER = {Lourdes Juan},
       DOI = {10.1007/s00208-008-0238-z},
       URL = {http://dx.doi.org/10.1007/s00208-008-0238-z},
}

@PHDTHESIS{Hou2001,
  AUTHOR =       {Hou, Qing-Hu},
  TITLE =        {Algebraic {M}ethod in {C}ombinatorics},
  SCHOOL =       { Nankai University},
  YEAR =         {2001},
  advisor =      {Chen, William Y. C.},
  type =         {},
  address =      {Tianjin, China},
  month =        {},
  note =         {},
  abstract =     {},
  keywords =     {},
  source =       {},
}


@article {Hou2004,
    AUTHOR = {Hou, Qing-Hu},
     TITLE = {{$k$}-free recurrences of double hypergeometric terms},
   JOURNAL = {Adv. in Appl. Math.},
  FJOURNAL = {Advances in Applied Mathematics},
    VOLUME = {32},
      YEAR = {2004},
    NUMBER = {3},
     PAGES = {468--484},
      ISSN = {0196-8858},
   MRCLASS = {33F05 (68W30)},
  MRNUMBER = {2041960 (2005a:33022)},
MRREVIEWER = {Carsten Schneider},
       DOI = {10.1016/S0196-8858(03)00056-3},
       URL = {http://dx.doi.org/10.1016/S0196-8858(03)00056-3},
}



@article {Furstenberg1967,
    AUTHOR = {Furstenberg, Harry},
     TITLE = {Algebraic functions over finite fields},
   JOURNAL = {J. Algebra},
  FJOURNAL = {Journal of Algebra},
    VOLUME = {7},
      YEAR = {1967},
     PAGES = {271--277},
      ISSN = {0021-8693},
   MRCLASS = {12.78},
  MRNUMBER = {MR0215820 (35 \#6655)},
MRREVIEWER = {L. J. Ratliff, Jr.},
}

@book {ACA1992,
    AUTHOR = {Geddes, Keith O. and Czapor, Stephanie R. and Labahn, George},
     TITLE = {{A}lgorithms for {C}omputer {A}lgebra},
 PUBLISHER = {Kluwer Academic Publishers},
   ADDRESS = {Boston, MA},
      YEAR = {1992},
     PAGES = {xxii+585},
      ISBN = {0-7923-9259-0},
   MRCLASS = {68Q40 (13P99 68-01)},
  MRNUMBER = {MR1256483 (96a:68049)},
}

@inproceedings{GeddesLeLi2004,
 author = {Geddes, Keith O. and Le, Ha Quang and Li, Ziming},
 title = {Differential rational normal forms and a reduction algorithm for hyperexponential functions},
 booktitle = {ISSAC'04: Proceedings of the 2004
 {I}nternational {S}ymposium on {S}ymbolic and {A}lgebraic {C}omputation},
 year = {2004},
 isbn = {1-58113-827-X},
 pages = {183--190},
 location = {Santander, Spain},
 doi = {http://doi.acm.org/10.1145/1005285.1005313},
 publisher = {ACM},
 address = {New York, USA},
 }


@article {Gessel1981,
    AUTHOR = {Gessel, Ira M.},
     TITLE = {Two theorems of rational power series},
   JOURNAL = {Utilitas Math.},
  FJOURNAL = {Utilitas Mathematica. A Canadian Journal of Applied
              Mathematics, Computer Science, and Statistics},
    VOLUME = {19},
      YEAR = {1981},
     PAGES = {247--254},
      ISSN = {0315-3681},
     CODEN = {UTMADA},
   MRCLASS = {05A15 (93B07)},
  MRNUMBER = {MR624057 (82h:05005)},
MRREVIEWER = {Michel Fliess},
}
@article {Gessel1980,
    AUTHOR = {Gessel, Ira M.},
     TITLE = {A factorization for formal {L}aurent series and lattice path
              enumeration},
   JOURNAL = {J. Combin. Theory Ser. A},
  FJOURNAL = {Journal of Combinatorial Theory. Series A},
    VOLUME = {28},
      YEAR = {1980},
    NUMBER = {3},
     PAGES = {321--337},
      ISSN = {0097-3165},
     CODEN = {JCBTA7},
   MRCLASS = {05A15 (30B10 82A67)},
  MRNUMBER = {MR570213 (81j:05012)},
MRREVIEWER = {D. G. Rogers},
}

@book {GKP1994,
    AUTHOR = {Graham, Ronald L. and Knuth, Donald E. and Patashnik, Oren},
     TITLE = {{C}oncrete {M}athematics},
   EDITION = {Second},
      NOTE = {A foundation for computer science},
 PUBLISHER = {Addison-Wesley Publishing Company},
   ADDRESS = {Reading, MA},
      YEAR = {1994},
     PAGES = {xiv+657},
      ISBN = {0-201-55802-5},
   MRCLASS = {68-01 (00-01 00A05 05-01 68Rxx)},
  MRNUMBER = {MR1397498 (97d:68003)},
MRREVIEWER = {Volker Strehl},
}

@article {Gosper1978,
    AUTHOR = {Gosper, Jr., R. William},
     TITLE = {Decision procedure for indefinite hypergeometric summation},
   JOURNAL = {Proc. Nat. Acad. Sci. U.S.A.},
    VOLUME = {75},
      YEAR = {1978},
    NUMBER = {1},
     PAGES = {40--42},
   MRCLASS = {10A40 (68A15)},
  MRNUMBER = {MR0485674 (58 \#5497)},
MRREVIEWER = {D. H. Lehmer},
}

@incollection {Guillermo1995,
    AUTHOR = {Matera, Guillermo},
     TITLE = {Integration of multivariate rational functions given by
              straight-line programs},
 BOOKTITLE = {Applied algebra, algebraic algorithms and error-correcting
              codes ({P}aris, 1995)},
    SERIES = {Lecture Notes in Comput. Sci.},
    VOLUME = {948},
     PAGES = {347--364},
 PUBLISHER = {Springer},
   ADDRESS = {Berlin},
      YEAR = {1995},
   MRCLASS = {68Q40 (65D30 65Y20)},
  MRNUMBER = {MR1448176 (98c:68104)},
}


@phdthesis{Kauers2005,
author = {Manuel Kauers},
title = {{Algorithms for Nonlinear Higher Order Difference Equations}},
language = {english},
abstract = {},
year = {2005},
month = {October},
translation = {0},
school = {RISC-Linz},
length = {155}
}

@phdthesis{Koutschan2009,
author = {Christoph Koutschan},
title = {{Advanced Applications of the Holonomic Systems Approach}},
language = {english},
year = {2009},
month = {September},
translation = {0},
school = {RISC-Linz, Johannes Kepler University},
length = {151},
url = {http://www.risc.uni-linz.ac.at/research/combinat/software/HolonomicFunctions/}
}


@book {Kolchin1973,
    AUTHOR = {Kolchin, Ellis R.},
     TITLE = {{D}ifferential {A}lgebra and {A}lgebraic {G}roups},
      NOTE = {Pure and Applied Mathematics, Vol. 54},
 PUBLISHER = {Academic Press},
   ADDRESS = {New York},
      YEAR = {1973},
     PAGES = {xviii+446},
   MRCLASS = {12H05},
  MRNUMBER = {0568864 (58 \#27929)},
MRREVIEWER = {P. Blum},
}


@article {Karr1985,
    AUTHOR = {Karr, Michael},
     TITLE = {Theory of summation in finite terms},
   JOURNAL = {J. Symbolic Comput.},
  FJOURNAL = {Journal of Symbolic Computation},
    VOLUME = {1},
      YEAR = {1985},
    NUMBER = {3},
     PAGES = {303--315},
      ISSN = {0747-7171},
   MRCLASS = {12H10 (68Q20 68Q40)},
  MRNUMBER = {849038 (89a:12016)},
}
        @article {Karr1981,
    AUTHOR = {Karr, Michael},
     TITLE = {Summation in finite terms},
   JOURNAL = {J. Assoc. Comput. Mach.},
  FJOURNAL = {Journal of the Association for Computing Machinery},
    VOLUME = {28},
      YEAR = {1981},
    NUMBER = {2},
     PAGES = {305--350},
      ISSN = {0004-5411},
     CODEN = {JACOAH},
   MRCLASS = {12H10 (03C57 68C20)},
  MRNUMBER = {612083 (82m:12018)},
MRREVIEWER = {C. H. Franke},
       DOI = {10.1145/322248.322255},
       URL = {http://dx.doi.org/10.1145/322248.322255},
}


@book {Kaplansky1957,
    AUTHOR = {Kaplansky, Irving},
     TITLE = {An {I}ntroduction to {D}ifferential {A}lgebra},
    SERIES = {Actualit\'es Sci. Ind., No. 1251, Publ. Inst. Math. Univ.
              Nancago, No. 5},
 PUBLISHER = {Hermann},
   ADDRESS = {Paris},
      YEAR = {1957},
     PAGES = {63},
   MRCLASS = {12.80},
  MRNUMBER = {0093654 (20 \#177)},
MRREVIEWER = {E. R. Kolchin},
}

@article{KungTraub1978,
 author = {Kung, Hsiang-Tsung and Traub, Joseph F.},
 title = {All Algebraic Functions Can Be Computed Fast},
 journal = {J. ACM},
 volume = {25},
 number = {2},
 year = {1978},
 issn = {0004-5411},
 pages = {245--260},
 doi = {http://doi.acm.org/10.1145/322063.322068},
 publisher = {ACM},
 address = {New York, NY, USA},
 }




@book {Hartshorne1966,
    AUTHOR = {Hartshorne, Robin},
     TITLE = {{R}esidues and {D}uality},
    SERIES = {Lecture notes of a seminar on the work of A. Grothendieck,
             given at Harvard 1963/64. With an appendix by P. Deligne.
              Lecture Notes in Mathematics, No. 20},
 PUBLISHER = {Springer-Verlag},
   ADDRESS = {Berlin},
      YEAR = {1966},
     PAGES = {vii+423},
   MRCLASS = {14.55},
  MRNUMBER = {MR0222093 (36 \#5145)},
MRREVIEWER = {R. L. Knighten},
}


@article {Hermite1872,
    AUTHOR = {Hermite, Charles},
     TITLE = {Sur l'int\'egration des fractions rationnelles},
   JOURNAL = {Ann. Sci. \'Ecole Norm. Sup. (2)},
  FJOURNAL = {Annales Scientifiques de l'\'Ecole Normale Sup\'erieure.
              Deuxi\'eme S\'erie},
    VOLUME = {1},
      YEAR = {1872},
     PAGES = {215--218},
      ISSN = {0012-9593},
   MRCLASS = {Contributed Item},
  MRNUMBER = {MR1508584},
}

@article{Le2001,
 author = {Le, Ha Quang},
 title = {On the $q$-Analogue of {Z}eilberger's Algorithm to Rational Functions},
 journal = {Program. Comput. Softw.},
 volume = {27},
 number = {1},
 year = {2001},
 issn = {0361-7688},
 pages = {35--42},
 doi = {http://dx.doi.org/10.1023/A:1007186703355},
 publisher = {Plenum Press},
 address = {New York, NY, USA},
 }


@PHDTHESIS{LeThesis,
  AUTHOR =       {Le, Ha Quang},
  TITLE =        {Algorithms for the construction of the minimal telescopers},
  SCHOOL =       {University of Waterloo},
  YEAR =         {2003},
  type =         {},
  address =      {Waterloo, Ont., Canada},
  month =        {},
  note =         {AAINQ83003},
  abstract =     {},
  keywords =     {},
  source =       {},
}


@incollection {LiSingerWuZheng2006,
    AUTHOR = {Li, Ziming and Singer, Michael F. and Wu, Min and Zheng,
              Dabin},
     TITLE = {A recursive method for determining the one-dimensional
              submodules of {L}aurent-{O}re modules},
 BOOKTITLE = {ISSAC'06: Proceedings of the 2006
 {I}nternational {S}ymposium on {S}ymbolic and {A}lgebraic {C}omputation},
     PAGES = {220--227},
 PUBLISHER = {ACM},
   ADDRESS = {New York},
      YEAR = {2006},
   MRCLASS = {12H05 (34A45 68W30)},
  MRNUMBER = {MR2289123},
       DOI = {10.1145/1145768.1145806},
       URL = {http://dx.doi.org/10.1145/1145768.1145806},
}

% Cheat to fit on ? lines.
% booktitle = {SYMSAC'71: Proceedings of the Second ACM Symposium on Symbolic and Algebraic Manipulation},
@inproceedings{Horowitz1971,
 author = {Horowitz, Ellis},
 title = {Algorithms for partial fraction decomposition and rational function integration},
 booktitle = {SYMSAC'71},
 year = {1971},
 pages = {441--457},
 location = {Los Angeles, California, United States},
 doi = {http://doi.acm.org/10.1145/800204.806314},
 publisher = {ACM},
 address = {New York, USA},
 }

@article {LiZheng2006,
    AUTHOR = {Li, Ziming and Zheng, Dabin},
     TITLE = {Determining whether a multivariate hyperexponential function
              is algebraic},
   JOURNAL = {J. Syst. Sci. Complex.},
  FJOURNAL = {Journal of Systems Science \& Complexity},
    VOLUME = {19},
      YEAR = {2006},
    NUMBER = {3},
     PAGES = {352--364},
      ISSN = {1009-6124},
   MRCLASS = {12H05 (12H10)},
  MRNUMBER = {2285493 (2007j:12005)},
MRREVIEWER = {Teresa Crespo},
       DOI = {10.1007/s11424-006-0352-5},
       URL = {http://dx.doi.org/10.1007/s11424-006-0352-5},
}


@incollection {GeddesLe2002,
    AUTHOR = {Geddes, Keith O. and Le, Ha Quang},
     TITLE = {An algorithm to compute the minimal telescopers for rational
              functions (differential-integral case)},
 BOOKTITLE = {Mathematical Software},
     PAGES = {453--463},
      YEAR = {2002},
 PUBLISHER = {WSP},
   MRCLASS = {33F10 (68W30)},
  MRNUMBER = {MR1932626},
}

@incollection {Kaltofen1984,
    AUTHOR = {Kaltofen, Erich},
     TITLE = {A note on the {R}isch differential equation},
 BOOKTITLE = {E{UROSAM} 84 ({C}ambridge, 1984)},
    SERIES = {Lecture Notes in Comput. Sci.},
    VOLUME = {174},
     PAGES = {359--366},
 PUBLISHER = {Springer},
   ADDRESS = {Berlin},
      YEAR = {1984},
   MRCLASS = {12H05 (26A36)},
  MRNUMBER = {MR779141 (86h:12010)},
MRREVIEWER = {G. Eisenreich},
}

@book {Koepf1998,
    AUTHOR = {Koepf, Wolfram},
     TITLE = {Hypergeometric {S}ummation},
    SERIES = {Advanced Lectures in Mathematics},
      NOTE = {An algorithmic approach to summation and special function
              identities},
 PUBLISHER = {Friedr. Vieweg \& Sohn},
   ADDRESS = {Braunschweig},
      YEAR = {1998},
     PAGES = {x+230},
      ISBN = {3-528-06950-3},
   MRCLASS = {33-02 (05A30 33C05 33C20 33F10)},
  MRNUMBER = {MR1644447 (2000c:33002)},
MRREVIEWER = {Jiang Zeng},
}

 @incollection {Le2000,
    AUTHOR = {Le, Ha Quang},
     TITLE = {On the differential-integral analogue of {Z}eilberger's algorithm to rational functions},
 BOOKTITLE = {Computer mathematics ({C}hiang {M}ai, 2000)},
    SERIES = {Lecture Notes Ser. Comput.},
    VOLUME = {8},
     PAGES = {204--213},
 PUBLISHER = {World Sci. Publ., River Edge, NJ},
      YEAR = {2000},
   MRCLASS = {68W30 (12H05)},
  MRNUMBER = {1896329},
}

 @incollection {LabahnLi2004,
    AUTHOR = {Labahn, George and Li, Ziming},
     TITLE = {Hyperexponential solutions of finite-rank ideals in orthogonal
              {O}re rings},
 BOOKTITLE = {ISSAC'04: Proceedings of the 2004
 {I}nternational {S}ymposium on {S}ymbolic and {A}lgebraic {C}omputation},
     PAGES = {213--220},
 PUBLISHER = {ACM},
   ADDRESS = {New York},
      YEAR = {2004},
   MRCLASS = {16S35 (68W30)},
  MRNUMBER = {2126946 (2005m:16035)},
MRREVIEWER = {Pere Ara},
       DOI = {10.1145/1005285.1005317},
       URL = {http://dx.doi.org/10.1145/1005285.1005317},
}


 @misc{LeLi04,
  author = {Le, Ha Quang and Li, Ziming},
  title = {On a Class of Hyperexponential Elements and the Fast Versions of {Z}eilberger's Algorithm},
  year = 2004,
  note = {MM-Res. Preprints (2004) No. 23, 136-150},
}

@article{LiWuZheng2007,
 author = {Li, Ziming and Wu, Min and Zheng, Dabin},
 title = {Testing linear dependence of hyperexponential elements},
 journal = {ACM Commun. Comput. Algebra},
 volume = {41},
 number = {1-2},
 year = {2007},
 issn = {1932-2240},
 pages = {3--11},
 doi = {http://doi.acm.org/10.1145/1296772.1296773},
 publisher = {ACM},
 address = {New York, NY, USA},
 }

@article {Kashiwara1971,
    AUTHOR = {Kashiwara, Masaki},
     TITLE = {Algebraic study of systems of partial differential equations},
   JOURNAL = {M\'em. Soc. Math. France (N.S.)},
  FJOURNAL = {M\'emoires de la Soci\'et\'e Math\'ematique de France.
              Nouvelle S\'erie},
    NUMBER = {63},
      YEAR = {1995},
     PAGES = {xiv+72},
      ISSN = {0037-9484},
   MRCLASS = {32C38 (01A75 35A27 58G07)},
  MRNUMBER = {1384226 (97f:32012)},
MRREVIEWER = {Orlando Neto},
}


@article {Kashiwara1978,
    AUTHOR = {Kashiwara, Masaki},
     TITLE = {On the holonomic systems of linear differential equations.
              {II}},
   JOURNAL = {Invent. Math.},
  FJOURNAL = {Inventiones Mathematicae},
    VOLUME = {49},
      YEAR = {1978},
    NUMBER = {2},
     PAGES = {121--135},
      ISSN = {0020-9910},
     CODEN = {INVMBH},
   MRCLASS = {58G99 (32C99)},
  MRNUMBER = {511186 (80a:58035)},
MRREVIEWER = {P. Schapira},
       DOI = {10.1007/BF01403082},
       URL = {http://dx.doi.org/10.1007/BF01403082},
}




@article {Lipshitz1988,
    AUTHOR = {Lipshitz, Leonard M.},
     TITLE = {The diagonal of a {D}-finite power series is {D}-finite},
   JOURNAL = {J. Algebra},
  FJOURNAL = {Journal of Algebra},
    VOLUME = {113},
      YEAR = {1988},
    NUMBER = {2},
     PAGES = {373--378},
      ISSN = {0021-8693},
     CODEN = {JALGA4},
   MRCLASS = {13F25},
  MRNUMBER = {MR929767 (89c:13027)},
MRREVIEWER = {Nica Vasile},
}

@article {Lipshitz1989,
    AUTHOR = {Lipshitz, Leonard M.},
     TITLE = {{D}-finite power series},
   JOURNAL = {J. Algebra},
  FJOURNAL = {Journal of Algebra},
    VOLUME = {122},
      YEAR = {1989},
    NUMBER = {2},
     PAGES = {353--373},
      ISSN = {0021-8693},
     CODEN = {JALGA4},
   MRCLASS = {13F25 (11U99)},
  MRNUMBER = {MR999079 (90g:13032)},
MRREVIEWER = {Marie-Paule Malliavin},
       DOI = {10.1016/0021-8693(89)90222-6},
       URL = {http://dx.doi.org/10.1016/0021-8693(89)90222-6},
}


@article{Mack1975,
 author = {Mack, D.},
 title = {On rational integration},
 journal = {Research Report {UCP}-38},
 volume = {},
 number = {},
 year = {1975},
 issn = {},
 pages = {},
 doi = {9},
 publisher = {Department of Computer Sciences, University of Utah},
 address = {},
 }





%missing: ostro
%\bibitem{ostro}~M. Ostrogradsky, De l'integration des fractions
%rationaelles, Bulletin de la~Class~Physico-Math$\acute{e}$matiques
%de l'Acad$\acute{e}$mie Imp$\acute{e}$riale des Sciences de St.
%P$\acute{e}$terbourg, IV:145-167, 286-300, 1845.

% It is unclear whether it is number 2; 82/83; or 10-11 and 18-19,
% so I prefer removing the number.

%   JOURNAL = {Bulletin de la classe physico-math{\'e}matique
%de l'Acad{\'e}mie Imp{\'e}riale des Sciences de Saint-P{\'e}tersbourg},
@article {Ostrogradsky1845,
    AUTHOR = {Ostrogradski{\u\i}, Mikhail Vasil'evich},
     TITLE = {De l'int{\'e}gration des fractions rationnelles},
   JOURNAL = {Bull.\ de la classe physico-math{\'e}matique
de l'Acad.\ Imp{\'e}riale des Sciences de Saint-P{\'e}tersbourg},
    VOLUME = {4},
      YEAR = {1845},
     PAGES = {145--167, 286--300},
}

@book {Pan1994,
    AUTHOR = {Bini, Dario and Pan, Victor Y.},
     TITLE = {{P}olynomial and {M}atrix {C}omputations. {V}ol. 1},
    SERIES = {Progress in Theoretical Computer Science},
      NOTE = {Fundamental algorithms},
 PUBLISHER = {Birkh\"auser Boston Inc.},
   ADDRESS = {Boston, MA},
      YEAR = {1994},
     PAGES = {xvi+415},
      ISBN = {0-8176-3786-9},
   MRCLASS = {65-02 (65F30 65Y05)},
  MRNUMBER = {MR1289412 (95k:65003)},
MRREVIEWER = {Murli M. Gupta},
}


@PHDTHESIS{Payne1997,
  AUTHOR =       {Payne, Garth Hampton},
  TITLE =        {Multivariate Hypergeometric Terms},
  SCHOOL =       {Pennsylvania State University},
  YEAR =         {1997},
  advisor =      {Andrews, George E.},
  type =         {},
  address =      {Pennsylvania, USA},
  month =        {},
  note =         {},
  abstract =     {},
  keywords =     {},
  source =       {},
}


@article {Paule1995,
    AUTHOR = {Paule, Peter and Schorn, Markus},
     TITLE = {A {M}athematica version of {Z}eilberger's algorithm for
              proving binomial coefficient identities},
      NOTE = {Symbolic computation in combinatorics $\Delta{\sb{1}}$
              (Ithaca, NY, 1993)},
   JOURNAL = {J. Symbolic Comput.},
  FJOURNAL = {Journal of Symbolic Computation},
    VOLUME = {20},
      YEAR = {1995},
    NUMBER = {5-6},
     PAGES = {673--698},
      ISSN = {0747-7171},
   MRCLASS = {39A10 (05A10 05A19 33C05 39-04)},
  MRNUMBER = {MR1395420 (97j:39006)},
MRREVIEWER = {Alain J. Phares},
}

@article{Paule1995b,
 author = {Paule, Peter},
 title = {Greatest factorial factorization and symbolic summation},
 journal = {J. Symbolic Comput.},
 volume = {20},
 number = {3},
 year = {1995},
 issn = {0747-7171},
 pages = {235--268},
 doi = {http://dx.doi.org/10.1006/jsco.1995.1049},
 publisher = {Academic Press, Inc.},
 address = {Duluth, MN, USA},
 }





@article {Pemantle2008,
    AUTHOR = {Pemantle, Robin and Wilson, Mark C.},
     TITLE = {Twenty combinatorial examples of asymptotics derived from
              multivariate generating functions},
   JOURNAL = {SIAM Rev.},
  FJOURNAL = {SIAM Review},
    VOLUME = {50},
      YEAR = {2008},
    NUMBER = {2},
     PAGES = {199--272},
      ISSN = {0036-1445},
   MRCLASS = {05A16 (05A10 05A15 41A60)},
  MRNUMBER = {MR2403050 (2009b:05023)},
MRREVIEWER = {Edward A. Bender},
       DOI = {10.1137/050643866},
       URL = {http://dx.doi.org/10.1137/050643866},
}
@INPROCEEDINGS{Pirastu1995a,
    author = {Pirastu, Roberto},
    title = {Algorithms for Indefinite Summation of Rational Functions in Maple},
    booktitle = {Maple. MapleTech},
    year = {1995},
    pages = {29--38}
}
@article {Pirastu1995b,
    AUTHOR = {Pirastu, Roberto and Strehl, Volker},
     TITLE = {Rational summation and {G}osper-{P}etkov\v sek representation},
      NOTE = {Symbolic computation in combinatorics (Ithaca, NY, 1993)},
   JOURNAL = {J. Symbolic Comput.},
  FJOURNAL = {Journal of Symbolic Computation},
    VOLUME = {20},
      YEAR = {1995},
    NUMBER = {5-6},
     PAGES = {617--635},
      ISSN = {0747-7171},
   MRCLASS = {68Q40 (12Y05 39A10)},
  MRNUMBER = {MR1395417 (98a:68107)},
MRREVIEWER = {Alessandro Di Bucchianico},
       DOI = {10.1006/jsco.1995.1068},
       URL = {http://dx.doi.org/10.1006/jsco.1995.1068},
}

@article {Ore1930,
    AUTHOR = {Ore, Oystein},
     TITLE = {Sur la forme des fonctions hyperg{\' e}om{\'e}triques de plusieurs variables},
   JOURNAL = {J. Math. Pures Appl. (9)},
  FJOURNAL = {Journal de Math\'ematiques Pures et Appliqu\'ees. Neuvi\`eme
              S\'erie},
    VOLUME = {9},
      YEAR = {1930},
    NUMBER = {4},
     PAGES = {311-326},
      ISSN = {0027-7630},
     CODEN = {NGMJA2},
   MRCLASS = {32M12 (11M41 22E30)},
  MRNUMBER = {1086566 (92c:32039)},
MRREVIEWER = {Rolf Berndt},
       URL = {http://projecteuclid.org/getRecord?id=euclid.nmj/1118782193},
}

@article {Petkovsek1998,
    AUTHOR = {Petkov{\v{s}}ek, Marko},
     TITLE = {Hypergeometric solutions of linear recurrences with polynomial
              coefficients},
   JOURNAL = {J. Symbolic Comput.},
  FJOURNAL = {Journal of Symbolic Computation},
    VOLUME = {14},
      YEAR = {1992},
    NUMBER = {2-3},
     PAGES = {243--264},
      ISSN = {0747-7171},
   MRCLASS = {39A10 (03D45 05A99 12H10 12Y05 33C80)},
  MRNUMBER = {1187234 (94a:39006)},
MRREVIEWER = {Alessandro Logar},
}

@book {VdputSinger2003,
    AUTHOR = {van der Put, Marius and Singer, Michael F.},
     TITLE = {Galois {T}heory of {L}inear {D}ifferential {E}quations},
    SERIES = {Grundlehren der Mathematischen Wissenschaften},
    VOLUME = {328},
 PUBLISHER = {Springer-Verlag},
   ADDRESS = {Berlin},
      YEAR = {2003},
     PAGES = {xviii+438},
      ISBN = {3-540-44228-6},
   MRCLASS = {12H05 (12H20 34A99 34M15)},
  MRNUMBER = {1960772 (2004c:12010)},
MRREVIEWER = {Pedro Fortuny Ayuso},
}


@MISC{Sing2007,
  author =       {Singer, Michael F.},
  title =        {A note on solutions of first-order linear functional equations},
  howpublished = {},
  year =         {2007},
  month =        {March},
  note =         {Manuscript for discussions at the Second NCSU-China Symbolic Computation Collaboration Workshop, Hangzhou},
  abstract =     {},
  keywords =     {},
  source =       {},
}



@article {Singer1992,
    AUTHOR = {Singer, Michael F.},
     TITLE = {Liouvillian first integrals of differential equations},
   JOURNAL = {Trans. Amer. Math. Soc.},
  FJOURNAL = {Transactions of the American Mathematical Society},
    VOLUME = {333},
      YEAR = {1992},
    NUMBER = {2},
     PAGES = {673--688},
      ISSN = {0002-9947},
     CODEN = {TAMTAM},
   MRCLASS = {12H05 (34A99)},
  MRNUMBER = {1062869 (92m:12014)},
MRREVIEWER = {Keiji Nishioka},
       DOI = {10.2307/2154053},
       URL = {http://dx.doi.org/10.2307/2154053},
}


 @article {Sato1990,
    AUTHOR = {Sato, Mikio},
     TITLE = {Theory of prehomogeneous vector spaces (algebraic part)---the {E}nglish translation of {S}ato's lecture from {S}hintani's note},
      NOTE = {Notes by Takuro Shintani, Translated from the Japanese by Masakazu Muro},
   JOURNAL = {Nagoya Math. J.},
  FJOURNAL = {Nagoya Mathematical Journal},
    VOLUME = {120},
      YEAR = {1990},
     PAGES = {1--34},
      ISSN = {0027-7630},
     CODEN = {NGMJA2},
   MRCLASS = {32M12 (11M41 22E30)},
  MRNUMBER = {1086566 (92c:32039)},
MRREVIEWER = {Rolf Berndt},
       URL = {http://projecteuclid.org/getRecord?id=euclid.nmj/1118782193},
}


@article {VanDerPut2001,
    AUTHOR = {van der Put, Marius},
     TITLE = {Grothendieck's conjecture for the {R}isch equation
              {$y'=ay+b$}},
   JOURNAL = {Indag. Math. (N.S.)},
  FJOURNAL = {Koninklijke Nederlandse Akademie van Wetenschappen.
              Indagationes Mathematicae. New Series},
    VOLUME = {12},
      YEAR = {2001},
    NUMBER = {1},
     PAGES = {113--124},
      ISSN = {0019-3577},
   MRCLASS = {12H99 (11R58 14H05)},
  MRNUMBER = {MR1908143 (2003h:12011)},
MRREVIEWER = {Lucia Di Vizio},
}

@article {PrelleSinger1983,
    AUTHOR = {Prelle, Myra Jean and Singer, Michael F.},
     TITLE = {Elementary first integrals of differential equations},
   JOURNAL = {Trans. Amer. Math. Soc.},
  FJOURNAL = {Transactions of the American Mathematical Society},
    VOLUME = {279},
      YEAR = {1983},
    NUMBER = {1},
     PAGES = {215--229},
      ISSN = {0002-9947},
     CODEN = {TAMTAM},
   MRCLASS = {12H05},
  MRNUMBER = {704611 (85d:12008)},
MRREVIEWER = {K. Okugawa},
       DOI = {10.2307/1999380},
       URL = {http://dx.doi.org/10.2307/1999380},
}

@book {Ritt1948,
    AUTHOR = {Ritt, Joseph Fels},
     TITLE = {Integration in {F}inite {T}erms. {L}iouville's {T}heory of
              {E}lementary {M}ethods},
 PUBLISHER = {Columbia University Press},
   ADDRESS = {New York, N. Y.},
      YEAR = {1948},
     PAGES = {ix+100},
   MRCLASS = {27.0X},
  MRNUMBER = {0024949 (9,573a)},
MRREVIEWER = {L. C. Young},
}

@article {Takayama1992,
    AUTHOR = {Takayama, Nobuki},
     TITLE = {An approach to the zero recognition problem by {B}uchberger
              algorithm},
   JOURNAL = {J. Symbolic Comput.},
  FJOURNAL = {Journal of Symbolic Computation},
    VOLUME = {14},
      YEAR = {1992},
    NUMBER = {2-3},
     PAGES = {265--282},
      ISSN = {0747-7171},
   MRCLASS = {68Q40},
  MRNUMBER = {1187235 (93j:68090)},
}

@article {Takayama1995,
    AUTHOR = {Takayama, Nobuki},
     TITLE = {An algorithm for finding recurrence relations of binomial sums
              and its complexity},
      NOTE = {Symbolic computation in combinatorics $\Delta{_{1}}$
              (Ithaca, NY, 1993)},
   JOURNAL = {J. Symbolic Comput.},
  FJOURNAL = {Journal of Symbolic Computation},
    VOLUME = {20},
      YEAR = {1995},
    NUMBER = {5-6},
     PAGES = {637--651},
      ISSN = {0747-7171},
   MRCLASS = {33C20 (05A10)},
  MRNUMBER = {1395418 (97j:33009)},
MRREVIEWER = {R. N. Kalia},
       DOI = {10.1006/jsco.1995.1069},
       URL = {http://dx.doi.org/10.1006/jsco.1995.1069},
}



@book {Ritt1950,
    AUTHOR = {Ritt, Joseph Fels},
     TITLE = {Differential {A}lgebra},
    SERIES = {American Mathematical Society Colloquium Publications, Vol.
              XXXIII},
 PUBLISHER = {American Mathematical Society},
   ADDRESS = {New York, N. Y.},
      YEAR = {1950},
     PAGES = {viii+184},
   MRCLASS = {09.1X},
  MRNUMBER = {0035763 (12,7c)},
MRREVIEWER = {T. Nakayama},
}




@article {Risch1969,
    AUTHOR = {Risch, Robert H.},
     TITLE = {The problem of integration in finite terms},
   JOURNAL = {Trans. Amer. Math. Soc.},
  FJOURNAL = {Transactions of the American Mathematical Society},
    VOLUME = {139},
      YEAR = {1969},
     PAGES = {167-189},
      ISSN = {00029947},
   MRCLASS = {},
  MRNUMBER = {},
MRREVIEWER = {},
}

@article {Risch1970,
    AUTHOR = {Risch, Robert H.},
     TITLE = {The solution of the problem of integration in finite terms},
   JOURNAL = {Bull. Amer. Math. Soc.},
  FJOURNAL = {Bulletin of the American Mathematical Society},
    VOLUME = {76},
      YEAR = {1970},
     PAGES = {605--608},
      ISSN = {0002-9904},
   MRCLASS = {12.80 (14.00)},
  MRNUMBER = {MR0269635 (42 \#4530)},
MRREVIEWER = {K. Okugawa},
}

@article {Rosenlicht1972,
    AUTHOR = {Rosenlicht, Maxwell},
     TITLE = {Integration in finite terms},
   JOURNAL = {Amer. Math. Monthly},
  FJOURNAL = {The American Mathematical Monthly},
    VOLUME = {79},
      YEAR = {1972},
     PAGES = {963--972},
      ISSN = {0002-9890},
   MRCLASS = {12H05},
  MRNUMBER = {MR0321914 (48 \#279)},
MRREVIEWER = {J. L. Johnson},
}

@inproceedings{Rothstein1977,
 author = {Rothstein, Michael},
 title = {A new algorithms for  integration of exponential and logarithmic functions},
 booktitle = {Proceedings of the 1977 MACSYMA Users Conference (Berkeley, CA)},
 year = {1977},
 pages = {263--274},
 publisher = {NASA},
 address = {Washington DC},
 }


@book {Stanley1999,
    AUTHOR = {Stanley, Richard P.},
     TITLE = {Enumerative {C}ombinatorics. {V}ol. 2},
    SERIES = {Cambridge Studies in Advanced Mathematics},
    VOLUME = {62},
 PUBLISHER = {Cambridge University Press},
      YEAR = {1999},
     PAGES = {xii+581},
      ISBN = {0-521-56069-1; 0-521-78987-7},
   MRCLASS = {05A15 (05-02 05E05 05E10 68R05)},
  MRNUMBER = {MR1676282 (2000k:05026)},
MRREVIEWER = {Ira Gessel},
}

@article {Stanley1980,
    AUTHOR = {Stanley, Richard P.},
     TITLE = {Differentiably finite power series},
   JOURNAL = {European J. Combin.},
  FJOURNAL = {European Journal of Combinatorics},
    VOLUME = {1},
      YEAR = {1980},
    NUMBER = {2},
     PAGES = {175--188},
      ISSN = {0195-6698},
   MRCLASS = {05A15},
  MRNUMBER = {MR587530 (81m:05012)},
MRREVIEWER = {P. N. Rathie},
}
@incollection {Storjohann2005,
    AUTHOR = {Storjohann, Arne and Villard, Gilles},
     TITLE = {Computing the rank and a small nullspace basis of a polynomial
              matrix},
 BOOKTITLE = {ISSAC'05: Proceedings of the 2005
 {I}nternational {S}ymposium on {S}ymbolic and {A}lgebraic {C}omputation},
     PAGES = {309--316},
 PUBLISHER = {ACM},
   ADDRESS = {New York},
      YEAR = {2005},
   MRCLASS = {68W30 (15A03)},
  MRNUMBER = {MR2280562},
}

@inproceedings{Trager1976,
 author = {Trager, Barry M.},
 title = {Algebraic factoring and rational function integration},
 booktitle = {SYMSAC'76: Proceedings of the Third ACM Symposium on Symbolic and Algebraic Computation},
 year = {1976},
 pages = {219--226},
 location = {Yorktown Heights, New York, United States},
 doi = {http://doi.acm.org/10.1145/800205.806338},
 publisher = {ACM},
 address = {New York, NY, USA},
 }


 @incollection {Yun1977,
    AUTHOR = {Yun, David Y. Y.},
     TITLE = {Fast algorithm for rational function integration},
 BOOKTITLE = {Information processing 77 ({P}roc. {IFIP} {C}ongr., {T}oronto,
              {O}nt., 1977)},
     PAGES = {493--498. IFIP Congr. Ser., Vol. 7},
 PUBLISHER = {North-Holland},
   ADDRESS = {Amsterdam},
      YEAR = {1977},
   MRCLASS = {65D30},
  MRNUMBER = {MR0519250 (58 \#24877)},
MRREVIEWER = {A. M. Cohen},
}
@book {Walker1950,
    AUTHOR = {Walker, Robert J.},
     TITLE = {Algebraic {C}urves},
    SERIES = {Princeton Mathematical Series, vol. 13},
 PUBLISHER = {Princeton University Press},
   ADDRESS = {Princeton, N. J.},
      YEAR = {1950},
     PAGES = {x+201},
   MRCLASS = {14.0X},
  MRNUMBER = {MR0033083 (11,387e)},
MRREVIEWER = {P. Samuel},
}

@article{Verbaeten1974,
 author = {Verbaeten, Pierre},
 title = {The automatic construction of pure recurrence relations},
 journal = {SIGSAM Bull.},
 volume = {8},
 number = {3},
 year = {1974},
 issn = {0163-5824},
 pages = {96--98},
 doi = {http://doi.acm.org/10.1145/1086837.1086854},
 publisher = {ACM},
 address = {New York, NY, USA},
 }

@MASTERSTHESIS{Wegschaider1997,
  AUTHOR =       {Wegschaider, Kurt},
  TITLE =        {Computer {G}enerated {P}roofs of {B}inomial {M}ulti-{S}um {I}dentities},
  SCHOOL =       {RISC, J. Kepler University},
  YEAR =         {1997},
  type =         {},
  address =      {},
  month =        {May},
  note =         {},
  abstract =     {},
  keywords =     {},
  source =       {},
}


@incollection {Wilson2007,
    AUTHOR = {Raichev, Alexander and Wilson, Mark C.},
     TITLE = {A new method for computing asymptotics of diagonal
              coefficients of multivariate generating functions},
 BOOKTITLE = {2007 {C}onference on {A}nalysis of {A}lgorithms, {A}of{A} 07},
    SERIES = {Discrete Math. Theor. Comput. Sci. Proc., AH},
     PAGES = {439--449},
 PUBLISHER = {Assoc. Discrete Math. Theor. Comput. Sci., Nancy},
      YEAR = {2007},
   MRCLASS = {05A15 (05A16)},
  MRNUMBER = {2509540 (2010h:05030)},
}


@article {Wilf1992,
    AUTHOR = {Wilf, Herbert S. and Zeilberger, Doron},
     TITLE = {An algorithmic proof theory for hypergeometric (ordinary and
              ``{$q$}'') multisum/integral identities},
   JOURNAL = {Invent. Math.},
  FJOURNAL = {Inventiones Mathematicae},
    VOLUME = {108},
      YEAR = {1992},
    NUMBER = {3},
     PAGES = {575--633},
      ISSN = {0020-9910},
     CODEN = {INVMBH},
   MRCLASS = {33C99 (03B35 05A19 33D99 68Q40)},
  MRNUMBER = {MR1163239 (93k:33010)},
MRREVIEWER = {David R. Masson},
       DOI = {10.1007/BF02100618},
       URL = {http://dx.doi.org/10.1007/BF02100618},
}

@article {Zeilberger1990,
    AUTHOR = {Zeilberger, Doron},
     TITLE = {A holonomic systems approach to special functions identities},
   JOURNAL = {J. Comput. Appl. Math.},
  FJOURNAL = {Journal of Computational and Applied Mathematics},
    VOLUME = {32},
    NUMBER = {3},
      YEAR = {1990},
     PAGES = {321--368},
      ISSN = {0377-0427},
     CODEN = {JCAMDI},
   MRCLASS = {33C20 (05A10 33D20 68Q40)},
  MRNUMBER = {MR1090884 (92b:33014)},
MRREVIEWER = {R. A. Askey},
}
@article {Zeilberger1982,
    AUTHOR = {Zeilberger, Doron},
     TITLE = {Sister {C}eline's technique and its generalizations},
   JOURNAL = {J. Math. Anal. Appl.},
  FJOURNAL = {Journal of Mathematical Analysis and Applications},
    VOLUME = {85},
      YEAR = {1982},
    NUMBER = {1},
     PAGES = {114--145},
      ISSN = {0022-247X},
     CODEN = {JMANAK},
   MRCLASS = {33A30 (05A15 39A10)},
  MRNUMBER = {MR647562 (83f:33001)},
MRREVIEWER = {R. A. Askey},
}

@article {Zeilberger1991,
    AUTHOR = {Zeilberger, Doron},
     TITLE = {The method of creative telescoping},
   JOURNAL = {J. Symbolic Comput.},
  FJOURNAL = {Journal of Symbolic Computation},
    VOLUME = {11},
      YEAR = {1991},
    NUMBER = {3},
     PAGES = {195--204},
      ISSN = {0747-7171},
   MRCLASS = {33C20},
  MRNUMBER = {MR1103727 (92c:33005)},
MRREVIEWER = {R. A. Askey},
}

@article {Zoladek1993,
    AUTHOR = {Zoladek, Henryk},
     TITLE = {On first integrals for polynomial differential equations on
              the line},
   JOURNAL = {Studia Math.},
  FJOURNAL = {Studia Mathematica},
    VOLUME = {107},
      YEAR = {1993},
    NUMBER = {2},
     PAGES = {205--211},
      ISSN = {0039-3223},
   MRCLASS = {34C05},
  MRNUMBER = {1244575 (95b:34046)},
MRREVIEWER = {Anna Cima},
}


@article {Zoladek1998,
    AUTHOR = {Zoladek, Henryk},
     TITLE = {The extended monodromy group and {L}iouvillian first
              integrals},
   JOURNAL = {J. Dynam. Control Systems},
  FJOURNAL = {Journal of Dynamical and Control Systems},
    VOLUME = {4},
      YEAR = {1998},
    NUMBER = {1},
     PAGES = {1--28},
      ISSN = {1079-2724},
     CODEN = {JDCSEK},
   MRCLASS = {34A20 (12H05)},
  MRNUMBER = {1605334 (99d:34014)},
MRREVIEWER = {Dmitri Novikov},
       DOI = {10.1023/A:1022894431882},
       URL = {http://dx.doi.org/10.1023/A:1022894431882},
}




@article {WilfZeilberger1992,
    AUTHOR = {Wilf, Herbert S. and Zeilberger, Doron},
     TITLE = {Rational function certification of multisum/integral/``{$q$}''
              identities},
   JOURNAL = {Bull. Amer. Math. Soc. (N.S.)},
  FJOURNAL = {American Mathematical Society. Bulletin. New Series},
    VOLUME = {27},
      YEAR = {1992},
    NUMBER = {1},
     PAGES = {148--153},
      ISSN = {0273-0979},
     CODEN = {BAMOAD},
   MRCLASS = {11B65 (05A19 05A30 33D99)},
  MRNUMBER = {1145580 (93f:11017)},
MRREVIEWER = {Robert A. Gustafson},
       DOI = {10.1090/S0273-0979-1992-00297-5},
       URL = {http://dx.doi.org/10.1090/S0273-0979-1992-00297-5},
}

@article {WilfZeilberger1990a,
    AUTHOR = {Wilf, Herbert S. and Zeilberger, Doron},
     TITLE = {Towards computerized proofs of identities},
   JOURNAL = {Bull. Amer. Math. Soc. (N.S.)},
  FJOURNAL = {American Mathematical Society. Bulletin. New Series},
    VOLUME = {23},
      YEAR = {1990},
    NUMBER = {1},
     PAGES = {77--83},
      ISSN = {0273-0979},
     CODEN = {BAMOAD},
   MRCLASS = {33C05 (05A10 05A19 11B37 33C20 68Q40)},
  MRNUMBER = {1019401 (91a:33003)},
MRREVIEWER = {Ira Gessel},
       DOI = {10.1090/S0273-0979-1990-15904-X},
       URL = {http://dx.doi.org/10.1090/S0273-0979-1990-15904-X},
}

@article {WilfZeilberger1990b,
    AUTHOR = {Wilf, Herbert S. and Zeilberger, Doron},
     TITLE = {Rational functions certify combinatorial identities},
   JOURNAL = {J. Amer. Math. Soc.},
  FJOURNAL = {Journal of the American Mathematical Society},
    VOLUME = {3},
      YEAR = {1990},
    NUMBER = {1},
     PAGES = {147--158},
      ISSN = {0894-0347},
   MRCLASS = {05A19 (33C05 68Q40)},
  MRNUMBER = {1007910 (91a:05006)},
MRREVIEWER = {Ira Gessel},
       DOI = {10.2307/1990986},
       URL = {http://dx.doi.org/10.2307/1990986},
}


@PHDTHESIS{Wu2005,
  AUTHOR =       {Wu, Min},
  TITLE =        {On Solutions of Linear Functional Systems and Factorization of
  Modules over {L}aurent-Ore Algebras},
  SCHOOL =       {Chinese Academy of Sciences and Universit{\'e} de Nice-Sophia Antipolis},
  YEAR =         {2005},
  type =         {},
  address =      {Beijing, China and Nice, France},
  month =        {},
  note =         {},
  abstract =     {},
  keywords =     {},
  source =       {},
}



@article {Zeilberger1990c,
    AUTHOR = {Zeilberger, Doron},
     TITLE = {A fast algorithm for proving terminating hypergeometric
              identities},
   JOURNAL = {Discrete Math.},
  FJOURNAL = {Discrete Mathematics},
    VOLUME = {80},
      YEAR = {1990},
    NUMBER = {2},
     PAGES = {207--211},
      ISSN = {0012-365X},
     CODEN = {DSMHA4},
   MRCLASS = {33C20 (05A19 11B65 11Y16 33C05)},
  MRNUMBER = {1048463 (91d:33006)},
MRREVIEWER = {R. A. Askey},
       DOI = {10.1016/0012-365X(90)90120-7},
       URL = {http://dx.doi.org/10.1016/0012-365X(90)90120-7},
}

@article {Zeilberger1995,
    AUTHOR = {Zeilberger, Doron},
     TITLE = {Three recitations on holonomic systems and hypergeometric
              series},
      NOTE = {Symbolic computation in combinatorics $\Delta{_{1}}$
              (Ithaca, NY, 1993)},
   JOURNAL = {J. Symbolic Comput.},
  FJOURNAL = {Journal of Symbolic Computation},
    VOLUME = {20},
      YEAR = {1995},
    NUMBER = {5-6},
     PAGES = {699--724},
      ISSN = {0747-7171},
   MRCLASS = {05A19},
  MRNUMBER = {1395421 (97j:05012)},
MRREVIEWER = {E. Keith Lloyd},
       DOI = {10.1006/jsco.1995.1072},
       URL = {http://dx.doi.org/10.1006/jsco.1995.1072},
}

@book {PWZbook1996,
    AUTHOR = {Petkov{\v{s}}ek, Marko and Wilf, Herbert S. and Zeilberger, Doron},
     TITLE = {{$A=B$}},
      NOTE = {With a foreword by Donald E. Knuth},
 PUBLISHER = {A. K. Peters Ltd.},
   ADDRESS = {Wellesley, MA},
      YEAR = {1996},
     PAGES = {xii+212},
      ISBN = {1-56881-063-6},
   MRCLASS = {05-01 (05A10 05A19 33C20 68R05)},
  MRNUMBER = {1379802 (97j:05001)},
MRREVIEWER = {Peter Paule},
}

@article {XinZhang2009,
    AUTHOR = {Xin, Guoce. and Zhang, Terence Y.J.},
     TITLE = {Enumeration of bilaterally symmetric 3-noncrossing partitions},
   JOURNAL = {Discrete Math.},
  FJOURNAL = {Discrete Mathematics},
    VOLUME = {309},
      YEAR = {2009},
    NUMBER = {8},
     PAGES = {2497--2509},
      ISSN = {},
     CODEN = {},
   MRCLASS = {},
  MRNUMBER = {},
MRREVIEWER = {},
       DOI = {},
       URL = {},
}


%%%%%%%%%%%%% Singer's papers %%%%%%%%%%

        @incollection {Singer2009,
    AUTHOR = {Singer, Michael F.},
     TITLE = {Introduction to the {G}alois theory of linear differential
              equations},
 BOOKTITLE = {Algebraic theory of differential equations},
    SERIES = {London Math. Soc. Lecture Note Ser.},
    VOLUME = {357},
     PAGES = {1--82},
 PUBLISHER = {Cambridge Univ. Press},
   ADDRESS = {Cambridge},
      YEAR = {2009},
   MRCLASS = {12H20 (34A30)},
  MRNUMBER = {2484905 (2010d:12006)},
MRREVIEWER = {Daniel Bertrand},
}
        @incollection {ChatzidakisHardouinSinger2008,
    AUTHOR = {Chatzidakis, Zo{\'e} and Hardouin, Charlotte and Singer,
              Michael F.},
     TITLE = {On the definitions of difference {G}alois groups},
 BOOKTITLE = {Model theory with applications to algebra and analysis. {V}ol.
              1},
    SERIES = {London Math. Soc. Lecture Note Ser.},
    VOLUME = {349},
     PAGES = {73--109},
 PUBLISHER = {Cambridge Univ. Press},
   ADDRESS = {Cambridge},
      YEAR = {2008},
   MRCLASS = {12H10 (03C60)},
  MRNUMBER = {2441376 (2009j:12014)},
MRREVIEWER = {Alexander B. Levin},
       DOI = {10.1017/CBO9780511735226.006},
       URL = {http://dx.doi.org/10.1017/CBO9780511735226.006},
}


@incollection {CassidySinger2007,
    AUTHOR = {Cassidy, Phyllis J. and Singer, Michael F.},
     TITLE = {Galois theory of parameterized differential equations and
              linear differential algebraic groups},
 BOOKTITLE = {Differential equations and quantum groups},
    SERIES = {IRMA Lect. Math. Theor. Phys.},
    VOLUME = {9},
     PAGES = {113--155},
 PUBLISHER = {Eur. Math. Soc., Z\"urich},
      YEAR = {2007},
   MRCLASS = {12H05 (34A30 34M50)},
  MRNUMBER = {2322329 (2008f:12010)},
MRREVIEWER = {I. S. Krasil{\'}shchik},
}
        @article {Singer2007,
    AUTHOR = {Singer, Michael F.},
     TITLE = {Model theory of partial differential fields: from commuting to
              noncommuting derivations},
   JOURNAL = {Proc. Amer. Math. Soc.},
  FJOURNAL = {Proceedings of the American Mathematical Society},
    VOLUME = {135},
      YEAR = {2007},
    NUMBER = {6},
     PAGES = {1929--1934 (electronic)},
      ISSN = {0002-9939},
     CODEN = {PAMYAR},
   MRCLASS = {03C60 (03C10 12H05 12L12)},
  MRNUMBER = {2286106 (2007m:03077)},
MRREVIEWER = {G. Cherlin},
       DOI = {10.1090/S0002-9939-07-08653-4},
       URL = {http://dx.doi.org/10.1090/S0002-9939-07-08653-4},
}

        @article {CookMitschiSinger2005,
    AUTHOR = {Cook, William J. and Mitschi, Claude and Singer, Michael F.},
     TITLE = {On the constructive inverse problem in differential {G}alois
              theory},
   JOURNAL = {Comm. Algebra},
  FJOURNAL = {Communications in Algebra},
    VOLUME = {33},
      YEAR = {2005},
    NUMBER = {10},
     PAGES = {3639--3665},
      ISSN = {0092-7872},
     CODEN = {COALDM},
   MRCLASS = {34M50 (12H05)},
  MRNUMBER = {2175456 (2006j:34212)},
MRREVIEWER = {Jorge Vit{\'o}rio Pereira},
       DOI = {10.1080/00927870500243304},
       URL = {http://dx.doi.org/10.1080/00927870500243304},
}

        @article {MitschiSinger2002,
    AUTHOR = {Mitschi, Claude and Singer, Michael F.},
     TITLE = {Solvable-by-finite groups as differential {G}alois groups},
   JOURNAL = {Ann. Fac. Sci. Toulouse Math. (6)},
  FJOURNAL = {Annales de la Facult\'e des Sciences de Toulouse.
              Math\'ematiques. S\'erie 6},
    VOLUME = {11},
      YEAR = {2002},
    NUMBER = {3},
     PAGES = {403--423},
      ISSN = {0240-2963},
   MRCLASS = {12H05 (13N15 20G10 34M50)},
  MRNUMBER = {2015761 (2005b:12014)},
MRREVIEWER = {Daniel Bertrand},
       URL = {http://www.numdam.org/item?id=AFST_2002_6_11_3_403_0},
}
        @article {CormierSingerTragerUlmer2002,
    AUTHOR = {Cormier, Olivier and Singer, Michael F. and Trager, Barry M.
              and Ulmer, Felix},
     TITLE = {Linear differential operators for polynomial equations},
   JOURNAL = {J. Symbolic Comput.},
  FJOURNAL = {Journal of Symbolic Computation},
    VOLUME = {34},
      YEAR = {2002},
    NUMBER = {5},
     PAGES = {355--398},
      ISSN = {0747-7171},
   MRCLASS = {13N10 (13P05 68W30)},
  MRNUMBER = {1937466 (2003j:13035)},
MRREVIEWER = {Rouchdi Bahloul},
       DOI = {10.1006/jsco.2002.0564},
       URL = {http://dx.doi.org/10.1006/jsco.2002.0564},
}
        @book {SingerEditorBook2001,
     TITLE = {Effective {M}ethods in {A}lgebraic {G}eometry},
    EDITOR = {Singer, Michael F.},
      NOTE = {Selected papers from the 6th Biennial Mega 2000 Symposium held
              at the University of Bath, Bath, June 20--24, 2000,
              J. Pure Appl. Algebra {{\bf{1}}64} (2001), no. 1-2},
 PUBLISHER = {Elsevier Science B.V.},
   ADDRESS = {Amsterdam},
      YEAR = {2001},
     PAGES = {i--iv and 1--273},
      ISSN = {0022-4049},
     CODEN = {JPAAA2},
   MRCLASS = {14-06},
  MRNUMBER = {1854326},
}
        @inproceedings {CormierSingerUlmer2000,
    AUTHOR = {Cormier, Olivier and Singer, Michael F. and Ulmer, Felix},
     TITLE = {Computing the {G}alois group of a polynomial using linear
              differential equations},
 BOOKTITLE = {Proceedings of the 2000 {I}nternational {S}ymposium on
              {S}ymbolic and {A}lgebraic {C}omputation ({S}t.\ {A}ndrews)},
     PAGES = {78--85 (electronic)},
 PUBLISHER = {ACM},
   ADDRESS = {New York},
      YEAR = {2000},
   MRCLASS = {12H05 (68W30)},
  MRNUMBER = {1805111 (2002f:12008)},
MRREVIEWER = {Daniel Bertrand},
       DOI = {10.1145/345542.345588},
       URL = {http://dx.doi.org/10.1145/345542.345588},
}
        @article {CompointSinger1999,
    AUTHOR = {Compoint, Elie and Singer, Michael F.},
     TITLE = {Computing {G}alois groups of completely reducible differential
              equations},
      NOTE = {Differential algebra and differential equations},
   JOURNAL = {J. Symbolic Comput.},
  FJOURNAL = {Journal of Symbolic Computation},
    VOLUME = {28},
      YEAR = {1999},
    NUMBER = {4-5},
     PAGES = {473--494},
      ISSN = {0747-7171},
   MRCLASS = {12H05},
  MRNUMBER = {1731934 (2000m:12010)},
MRREVIEWER = {Andy R. Magid},
       DOI = {10.1006/jsco.1999.0311},
       URL = {http://dx.doi.org/10.1006/jsco.1999.0311},
}
        @article {BermanSinger1999,
    AUTHOR = {Berman, Peter H. and Singer, Michael F.},
     TITLE = {Calculating the {G}alois group of {$L_1(L_2(y))=0$},
              {$L_1,L_2$} completely reducible operators},
      NOTE = {Effective methods in algebraic geometry (Saint-Malo, 1998)},
   JOURNAL = {J. Pure Appl. Algebra},
  FJOURNAL = {Journal of Pure and Applied Algebra},
    VOLUME = {139},
      YEAR = {1999},
    NUMBER = {1-3},
     PAGES = {3--23},
      ISSN = {0022-4049},
     CODEN = {JPAAA2},
   MRCLASS = {12H05 (68W30)},
  MRNUMBER = {1700535 (2000h:12009)},
MRREVIEWER = {Alexandru Buium},
       DOI = {10.1016/S0022-4049(99)00003-1},
       URL = {http://dx.doi.org/10.1016/S0022-4049(99)00003-1},
}
        @article {HendriksSinger1999,
    AUTHOR = {Hendriks, Peter A. and Singer, Michael F.},
     TITLE = {Solving difference equations in finite terms},
   JOURNAL = {J. Symbolic Comput.},
  FJOURNAL = {Journal of Symbolic Computation},
    VOLUME = {27},
      YEAR = {1999},
    NUMBER = {3},
     PAGES = {239--259},
      ISSN = {0747-7171},
   MRCLASS = {12H10 (12Y05)},
  MRNUMBER = {1673591 (2000c:12012)},
MRREVIEWER = {N. Sankaran},
       DOI = {10.1006/jsco.1998.0251},
       URL = {http://dx.doi.org/10.1006/jsco.1998.0251},
}
        @book {KolchinSelected1999,
    AUTHOR = {Kolchin, Ellis},
     TITLE = {Selected works of {E}llis {K}olchin with commentary},
      NOTE = {Commentaries by Armand Borel, Michael F. Singer, Bruno Poizat,
              Alexandru Buium and Phyllis J. Cassidy,
              Edited and with a preface by Hyman Bass, Buium and Cassidy},
 PUBLISHER = {American Mathematical Society},
   ADDRESS = {Providence, RI},
      YEAR = {1999},
     PAGES = {xiv+639},
      ISBN = {0-8218-0542-8},
   MRCLASS = {01A75 (03C60 12H05 20G15)},
  MRNUMBER = {1677530 (2000g:01042)},
MRREVIEWER = {Daniel Bertrand},
}
        @article {CompointSinger1998,
    AUTHOR = {Compoint, {\'E}lie and Singer, Michael F.},
     TITLE = {Relations lin\'eaires entre solutions d'une \'equation
              diff\'erentielle},
   JOURNAL = {Ann. Fac. Sci. Toulouse Math. (6)},
  FJOURNAL = {Annales de la Facult\'e des Sciences de Toulouse.
              Math\'ematiques. S\'erie 6},
    VOLUME = {7},
      YEAR = {1998},
    NUMBER = {4},
     PAGES = {659--670},
      ISSN = {0240-2963},
   MRCLASS = {12H20 (34A30)},
  MRNUMBER = {1693585 (2001b:12013)},
MRREVIEWER = {Juan Jos{\'e} Morales Ruiz},
       URL = {http://www.numdam.org/item?id=AFST_1998_6_7_4_659_0},
}
        @book {AdPutSinger1997,
    AUTHOR = {van der Put, Marius and Singer, Michael F.},
     TITLE = {Galois {T}heory of {D}ifference {E}quations},
    SERIES = {Lecture Notes in Mathematics},
    VOLUME = {1666},
 PUBLISHER = {Springer-Verlag},
   ADDRESS = {Berlin},
      YEAR = {1997},
     PAGES = {viii+180},
      ISBN = {3-540-63243-3},
   MRCLASS = {39A10 (12H10)},
  MRNUMBER = {1480919 (2000e:39008)},
MRREVIEWER = {Juan Jos{\'e} Morales Ruiz},
}
        @article {UlmerSinger1997,
    AUTHOR = {Singer, Michael F. and Ulmer, Felix},
     TITLE = {Linear differential equations and products of linear forms},
      NOTE = {Algorithms for algebra (Eindhoven, 1996)},
   JOURNAL = {J. Pure Appl. Algebra},
  FJOURNAL = {Journal of Pure and Applied Algebra},
    VOLUME = {117/118},
      YEAR = {1997},
     PAGES = {549--563},
      ISSN = {0022-4049},
     CODEN = {JPAAA2},
   MRCLASS = {12H20},
  MRNUMBER = {1457855 (98g:12010)},
MRREVIEWER = {K. Kiyek},
       DOI = {10.1016/S0022-4049(97)00027-3},
       URL = {http://dx.doi.org/10.1016/S0022-4049(97)00027-3},
}
        @article {Singer1996,
    AUTHOR = {Singer, Michael F.},
     TITLE = {Testing reducibility of linear differential operators: a
              group-theoretic perspective},
   JOURNAL = {Appl. Algebra Engrg. Comm. Comput.},
  FJOURNAL = {Applicable Algebra in Engineering, Communication and
              Computing},
    VOLUME = {7},
      YEAR = {1996},
    NUMBER = {2},
     PAGES = {77--104},
      ISSN = {0938-1279},
     CODEN = {AAECEW},
   MRCLASS = {12H20 (34A30)},
  MRNUMBER = {1462491 (98e:12007)},
MRREVIEWER = {U. D. Bekbaev},
       DOI = {10.1007/s002000050021},
       URL = {http://dx.doi.org/10.1007/s002000050021},
}
        @incollection {MitschiSinger1996c,
    AUTHOR = {Mitschi, Claude and Singer, Michael F.},
     TITLE = {The inverse problem in differential {G}alois theory},
 BOOKTITLE = {The {S}tokes phenomenon and {H}ilbert's 16th problem
              ({G}roningen, 1995)},
     PAGES = {185--196},
 PUBLISHER = {World Sci. Publ., River Edge, NJ},
      YEAR = {1996},
   MRCLASS = {12H05},
  MRNUMBER = {1443693 (98d:12002)},
MRREVIEWER = {Alexandru Buium},
}
        @article {MitschiSinger1996b,
    AUTHOR = {Mitschi, Claude and Singer, Michael F.},
     TITLE = {Connected linear groups as differential {G}alois groups},
   JOURNAL = {J. Algebra},
  FJOURNAL = {Journal of Algebra},
    VOLUME = {184},
      YEAR = {1996},
    NUMBER = {1},
     PAGES = {333--361},
      ISSN = {0021-8693},
     CODEN = {JALGA4},
   MRCLASS = {12H05},
  MRNUMBER = {1402584 (97g:12004)},
MRREVIEWER = {Alexandru Buium},
       DOI = {10.1006/jabr.1996.0263},
       URL = {http://dx.doi.org/10.1006/jabr.1996.0263},
}
        @article {MitschiSinger1996a,
    AUTHOR = {Mitschi, Claude and Singer, Michael F.},
     TITLE = {On {R}amis's solution of the local inverse problem of
              differential {G}alois theory},
   JOURNAL = {J. Pure Appl. Algebra},
  FJOURNAL = {Journal of Pure and Applied Algebra},
    VOLUME = {110},
      YEAR = {1996},
    NUMBER = {2},
     PAGES = {185--194},
      ISSN = {0022-4049},
     CODEN = {JPAAA2},
   MRCLASS = {12H05 (20G20 34A20)},
  MRNUMBER = {1390678 (97e:12009)},
MRREVIEWER = {Juan Jos{\'e} Morales Ruiz},
       DOI = {10.1016/0022-4049(95)00104-2},
       URL = {http://dx.doi.org/10.1016/0022-4049(95)00104-2},
}
        @incollection {BaiderChurchillRodSinger1996,
    AUTHOR = {Baider, A. and Churchill, Richard C. and Rod, David Lawrence and Singer, Michael
              F.},
     TITLE = {On the infinitesimal geometry of integrable systems},
 BOOKTITLE = {Mechanics day ({W}aterloo, {ON}, 1992)},
    SERIES = {Fields Inst. Commun.},
    VOLUME = {7},
     PAGES = {5--56},
 PUBLISHER = {Amer. Math. Soc.},
   ADDRESS = {Providence, RI},
      YEAR = {1996},
   MRCLASS = {58F07 (12H05 34A20 58F05 70H05)},
  MRNUMBER = {1365771 (96h:58078)},
MRREVIEWER = {Carlo Morosi},
}
        @article {UlmerSinger1995,
    AUTHOR = {Singer, Michael F. and Ulmer, Felix},
     TITLE = {Necessary conditions for {L}iouvillian solutions of (third
              order) linear differential equations},
   JOURNAL = {Appl. Algebra Engrg. Comm. Comput.},
  FJOURNAL = {Applicable Algebra in Engineering, Communication and
              Computing},
    VOLUME = {6},
      YEAR = {1995},
    NUMBER = {1},
     PAGES = {1--22},
      ISSN = {0938-1279},
     CODEN = {AAECEW},
   MRCLASS = {34A20 (12H05 34A30)},
  MRNUMBER = {1341890 (96j:34005)},
MRREVIEWER = {G. Eisenreich},
       DOI = {10.1007/BF01270928},
       URL = {http://dx.doi.org/10.1007/BF01270928},
}
        @article {DimaSingerYao1995,
    AUTHOR = {Grigoriev, Dima Yu. and Singer, Michael and Yao, Andrew},
     TITLE = {On computing algebraic functions using logarithms and
              exponentials},
   JOURNAL = {SIAM J. Comput.},
  FJOURNAL = {SIAM Journal on Computing},
    VOLUME = {24},
      YEAR = {1995},
    NUMBER = {2},
     PAGES = {242--246},
      ISSN = {0097-5397},
     CODEN = {SMJCAT},
   MRCLASS = {68Q40 (12E10 68Q25)},
  MRNUMBER = {1320208 (96c:68095)},
       DOI = {10.1137/S0097539793245015},
       URL = {http://dx.doi.org/10.1137/S0097539793245015},
}
        @article {ChurchillRodSinger1995,
    AUTHOR = {Churchill, Richard C. and Rod, David Lawrence and Singer, Michael F.},
     TITLE = {Group-theoretic obstructions to integrability},
   JOURNAL = {Ergodic Theory Dynam. Systems},
  FJOURNAL = {Ergodic Theory and Dynamical Systems},
    VOLUME = {15},
      YEAR = {1995},
    NUMBER = {1},
     PAGES = {15--48},
      ISSN = {0143-3857},
   MRCLASS = {58F05 (70H05)},
  MRNUMBER = {1314967 (97i:58049)},
MRREVIEWER = {W. J. Satzer jun},
       DOI = {10.1017/S0143385700008221},
       URL = {http://dx.doi.org/10.1017/S0143385700008221},
}
        @article {DimaKarpinskiSinger1994,
    AUTHOR = {Grigoriev, Dima Yu. and Karpinski, Marek and Singer, Michael F.},
     TITLE = {Computational complexity of sparse rational interpolation},
   JOURNAL = {SIAM J. Comput.},
  FJOURNAL = {SIAM Journal on Computing},
    VOLUME = {23},
      YEAR = {1994},
    NUMBER = {1},
     PAGES = {1--11},
      ISSN = {0097-5397},
     CODEN = {SMJCAT},
   MRCLASS = {68Q25 (41A05 68Q40)},
  MRNUMBER = {1258990 (95k:68076)},
MRREVIEWER = {Avraham A. Melkman},
       DOI = {10.1137/S0097539791194069},
       URL = {http://dx.doi.org/10.1137/S0097539791194069},
}
        @article {HRLVLSinger1993,
    AUTHOR = {Henson, C. Ward and Rubel, Lee A. and van den Dries, Lou and
              Singer, Michael F.},
     TITLE = {On the integer zeros of exponential polynomials},
   JOURNAL = {Complex Variables Theory Appl.},
  FJOURNAL = {Complex Variables. Theory and Application. An International
              Journal},
    VOLUME = {23},
      YEAR = {1993},
    NUMBER = {3-4},
     PAGES = {201--211},
      ISSN = {0278-1077},
     CODEN = {CVTADV},
   MRCLASS = {30C15},
  MRNUMBER = {1269635 (95d:30011)},
MRREVIEWER = {S. L. Segal},
}
        @incollection {UlmerKarpinski1993c,
    AUTHOR = {Singer, Michael F. and Ulmer, Felix},
     TITLE = {On a third order differential equation whose differential
              {G}alois group is the simple group of {$168$} elements},
 BOOKTITLE = {Applied algebra, algebraic algorithms and error-correcting
              codes ({S}an {J}uan, {PR}, 1993)},
    SERIES = {Lecture Notes in Comput. Sci.},
    VOLUME = {673},
     PAGES = {316--324},
 PUBLISHER = {Springer},
   ADDRESS = {Berlin},
      YEAR = {1993},
   MRCLASS = {34A30 (12H05 20C15 34A20 68Q40)},
  MRNUMBER = {1251988 (95e:34010)},
MRREVIEWER = {Daniel Bertrand},
}
        @article {UlmerKarpinski1993b,
    AUTHOR = {Singer, Michael F. and Ulmer, Felix},
     TITLE = {Liouvillian and algebraic solutions of second and third order
              linear differential equations},
   JOURNAL = {J. Symbolic Comput.},
  FJOURNAL = {Journal of Symbolic Computation},
    VOLUME = {16},
      YEAR = {1993},
    NUMBER = {1},
     PAGES = {37--73},
      ISSN = {0747-7171},
   MRCLASS = {34A30 (12H05 34A05)},
  MRNUMBER = {1237349 (94i:34016)},
MRREVIEWER = {G. Eisenreich},
       DOI = {10.1006/jsco.1993.1033},
       URL = {http://dx.doi.org/10.1006/jsco.1993.1033},
}
        @article {UlmerKarpinski1993a,
    AUTHOR = {Singer, Michael F. and Ulmer, Felix},
     TITLE = {Galois groups of second and third order linear differential
              equations},
   JOURNAL = {J. Symbolic Comput.},
  FJOURNAL = {Journal of Symbolic Computation},
    VOLUME = {16},
      YEAR = {1993},
    NUMBER = {1},
     PAGES = {9--36},
      ISSN = {0747-7171},
   MRCLASS = {34A30 (12H05 20C15 34A05 68Q40)},
  MRNUMBER = {1237348 (94i:34015)},
MRREVIEWER = {G. Eisenreich},
       DOI = {10.1006/jsco.1993.1032},
       URL = {http://dx.doi.org/10.1006/jsco.1993.1032},
}
        @article {Karpinski1993,
    AUTHOR = {Singer, Michael F.},
     TITLE = {Moduli of linear differential equations on the {R}iemann
              sphere with fixed {G}alois groups},
   JOURNAL = {Pacific J. Math.},
  FJOURNAL = {Pacific Journal of Mathematics},
    VOLUME = {160},
      YEAR = {1993},
    NUMBER = {2},
     PAGES = {343--395},
      ISSN = {0030-8730},
     CODEN = {PJMAAI},
   MRCLASS = {12H05 (34A30)},
  MRNUMBER = {1233356 (94k:12009)},
MRREVIEWER = {C. F. Woodcock},
       URL = {http://projecteuclid.org/getRecord?id=euclid.pjm/1102624218},
}
        @incollection {DimaKarpinskiSinger1993,
    AUTHOR = {Grigoriev, Dima Yu. and Karpinski, Marek and Singer, M. F.},
     TITLE = {Computational complexity of sparse real algebraic function
              interpolation},
 BOOKTITLE = {Computational algebraic geometry ({N}ice, 1992)},
    SERIES = {Progr. Math.},
    VOLUME = {109},
     PAGES = {91--104},
 PUBLISHER = {Birkh\"auser Boston},
   ADDRESS = {Boston, MA},
      YEAR = {1993},
   MRCLASS = {68Q40 (14P10 68Q10)},
  MRNUMBER = {1230860 (94g:68055)},
MRREVIEWER = {N. V. Ivanov},
}

        @book {Singer1991b,
     TITLE = {Differential {E}quations and {C}omputer {A}lgebra},
    SERIES = {Computational Mathematics and Applications},
    EDITOR = {Singer, Michael F.},
 PUBLISHER = {Academic Press Inc. [Harcourt Brace Jovanovich Publishers]},
   ADDRESS = {London},
      YEAR = {1991},
     PAGES = {xii+228},
      ISBN = {0-12-645950-9},
   MRCLASS = {34-06 (00B25)},
  MRNUMBER = {1115226 (92a:34004)},
}
        @article {Singer1991a,
    AUTHOR = {Singer, Michael F.},
     TITLE = {Liouvillian solutions of linear differential equations with
              {L}iouvillian coefficients},
   JOURNAL = {J. Symbolic Comput.},
  FJOURNAL = {Journal of Symbolic Computation},
    VOLUME = {11},
      YEAR = {1991},
    NUMBER = {3},
     PAGES = {251--273},
      ISSN = {0747-7171},
   MRCLASS = {12H05 (34A30 68Q40)},
  MRNUMBER = {1103731 (92b:12011)},
}
        @article {DimaSinger1991,
    AUTHOR = {Grigoriev, Dima Yu. and Karpinski, Marek and Singer, Michael
              F.},
     TITLE = {The interpolation problem for {$k$}-sparse sums of
              eigenfunctions of operators},
   JOURNAL = {Adv. in Appl. Math.},
  FJOURNAL = {Advances in Applied Mathematics},
    VOLUME = {12},
      YEAR = {1991},
    NUMBER = {1},
     PAGES = {76--81},
      ISSN = {0196-8858},
   MRCLASS = {12H05},
  MRNUMBER = {1091824 (92j:12010)},
       DOI = {10.1016/0196-8858(91)90005-4},
       URL = {http://dx.doi.org/10.1016/0196-8858(91)90005-4},
}

@article {YuSinger1991,
    AUTHOR = {Grigor{\'}ev, Dima Yu. and Singer, Michael F.},
     TITLE = {Solving ordinary differential equations in terms of series
              with real exponents},
   JOURNAL = {Trans. Amer. Math. Soc.},
  FJOURNAL = {Transactions of the American Mathematical Society},
    VOLUME = {327},
      YEAR = {1991},
    NUMBER = {1},
     PAGES = {329--351},
      ISSN = {0002-9947},
     CODEN = {TAMTAM},
   MRCLASS = {12H05 (12D15)},
  MRNUMBER = {1012519 (91m:12010)},
MRREVIEWER = {R. Cohn},
       DOI = {10.2307/2001845},
       URL = {http://dx.doi.org/10.2307/2001845},
}
        @incollection {DimaKarpinskiSinger1990,
    AUTHOR = {Grigoriev, Dima Yu. and Karpinski, Marek and Singer, Michael
              F.},
     TITLE = {Interpolation of sparse rational functions without knowing
              bounds on exponents},
 BOOKTITLE = {31st {A}nnual {S}ymposium on {F}oundations of {C}omputer
              {S}cience, {V}ol.\ {I}, {II} ({S}t.\ {L}ouis, {MO}, 1990)},
     PAGES = {840--846},
 PUBLISHER = {IEEE Comput. Soc. Press},
   ADDRESS = {Los Alamitos, CA},
      YEAR = {1990},
   MRCLASS = {65D05 (41A05 65Y10)},
  MRNUMBER = {1150733 (92k:65015)},
}
        @article {Singer1990,
    AUTHOR = {Singer, Michael F.},
     TITLE = {Formal solutions of differential equations},
   JOURNAL = {J. Symbolic Comput.},
  FJOURNAL = {Journal of Symbolic Computation},
    VOLUME = {10},
      YEAR = {1990},
    NUMBER = {1},
     PAGES = {59--94},
      ISSN = {0747-7171},
   MRCLASS = {12H05 (34A05 68Q40)},
  MRNUMBER = {1081261 (91m:12011)},
MRREVIEWER = {G. Eisenreich},
}
        @article {DimaKarpinskiSinger1990,
    AUTHOR = {Grigoriev, Dima Yu. and Karpinski, Marek and Singer, Michael
              F.},
     TITLE = {Fast parallel algorithms for sparse multivariate polynomial
              interpolation over finite fields},
   JOURNAL = {SIAM J. Comput.},
  FJOURNAL = {SIAM Journal on Computing},
    VOLUME = {19},
      YEAR = {1990},
    NUMBER = {6},
     PAGES = {1059--1063},
      ISSN = {0097-5397},
     CODEN = {SMJCAT},
   MRCLASS = {11Y16 (11T06 68Q22)},
  MRNUMBER = {1069099 (91h:11152)},
MRREVIEWER = {Joachim von zur Gathen},
       DOI = {10.1137/0219073},
       URL = {http://dx.doi.org/10.1137/0219073},
}
        @incollection {Singer1990,
    AUTHOR = {Singer, Michael F.},
     TITLE = {An outline of differential {G}alois theory},
 BOOKTITLE = {Computer algebra and differential equations},
    SERIES = {Comput. Math. Appl.},
     PAGES = {3--57},
 PUBLISHER = {Academic Press},
   ADDRESS = {London},
      YEAR = {1990},
   MRCLASS = {12H05},
  MRNUMBER = {1038057 (91a:12011)},
MRREVIEWER = {Alexandru Buium},
}
        @incollection {Singer1989c,
    AUTHOR = {Singer, Michael F.},
     TITLE = {Liouvillian first integrals of differential equations},
 BOOKTITLE = {Symbolic and algebraic computation ({R}ome, 1988)},
    SERIES = {Lecture Notes in Comput. Sci.},
    VOLUME = {358},
     PAGES = {57--63},
 PUBLISHER = {Springer},
   ADDRESS = {Berlin},
      YEAR = {1989},
   MRCLASS = {34A34 (65L99)},
  MRNUMBER = {1034720},
}
        @article {Singer1989b,
    AUTHOR = {Henson, C. Ward and Rubel, Lee A. and Singer, Michael F.},
     TITLE = {Algebraic properties of the ring of general exponential
              polynomials},
   JOURNAL = {Complex Variables Theory Appl.},
  FJOURNAL = {Complex Variables. Theory and Application. An International
              Journal},
    VOLUME = {13},
      YEAR = {1989},
    NUMBER = {1-2},
     PAGES = {1--20},
      ISSN = {0278-1077},
     CODEN = {CVTADV},
   MRCLASS = {32A15 (46J99)},
  MRNUMBER = {1029352 (90m:32006)},
MRREVIEWER = {Carlos A. Berenstein},
}
        @incollection {Singer1989a,
    AUTHOR = {Singer, Michael F.},
     TITLE = {Liouvillian solutions of linear differential equations with
              {L}iouvillian coefficients (extended abstract)},
 BOOKTITLE = {Computers and mathematics ({C}ambridge, {MA}, 1989)},
     PAGES = {182--191},
 PUBLISHER = {Springer},
   ADDRESS = {New York},
      YEAR = {1989},
   MRCLASS = {12H20 (34A30)},
  MRNUMBER = {1005975 (90i:12011)},
MRREVIEWER = {K. Okugawa},
}
        @article {Singer1988b,
    AUTHOR = {Rubel, Lee A. and Singer, Michael F.},
     TITLE = {Autonomous functions},
   JOURNAL = {J. Differential Equations},
  FJOURNAL = {Journal of Differential Equations},
    VOLUME = {75},
      YEAR = {1988},
    NUMBER = {2},
     PAGES = {354--370},
      ISSN = {0022-0396},
     CODEN = {JDEQAK},
   MRCLASS = {34A20 (12H05 30D05)},
  MRNUMBER = {961160 (89j:34013)},
MRREVIEWER = {G{\"u}nter Frank},
       DOI = {10.1016/0022-0396(88)90143-X},
       URL = {http://dx.doi.org/10.1016/0022-0396(88)90143-X},
}
        @article {Singer1988a,
    AUTHOR = {Singer, Michael F.},
     TITLE = {Algebraic relations among solutions of linear differential
              equations: {F}ano's theorem},
   JOURNAL = {Amer. J. Math.},
  FJOURNAL = {American Journal of Mathematics},
    VOLUME = {110},
      YEAR = {1988},
    NUMBER = {1},
     PAGES = {115--143},
      ISSN = {0002-9327},
     CODEN = {AJMAAN},
   MRCLASS = {12H05 (34A30)},
  MRNUMBER = {926740 (89d:12007)},
MRREVIEWER = {Keiji Nishioka},
       DOI = {10.2307/2374541},
       URL = {http://dx.doi.org/10.2307/2374541},
}

@article {SchecterSinger1981,
    AUTHOR = {Schecter, Stephen and Singer, Michael F.},
     TITLE = {Addendum to: ``{P}lanar polynomial foliations''},
   JOURNAL = {Proc. Amer. Math. Soc.},
  FJOURNAL = {Proceedings of the American Mathematical Society},
    VOLUME = {83},
      YEAR = {1981},
    NUMBER = {1},
     PAGES = {220},
      ISSN = {0002-9939},
     CODEN = {PAMYAR},
   MRCLASS = {58F18 (57R30)},
  MRNUMBER = {620018 (82j:58096b)},
MRREVIEWER = {Michael J. Field},
       DOI = {10.2307/2043928},
       URL = {http://dx.doi.org/10.2307/2043928},
}
        @article {Singer1981,
    AUTHOR = {Singer, Michael F.},
     TITLE = {Liouvillian solutions of {$n$}th order homogeneous linear
              differential equations},
   JOURNAL = {Amer. J. Math.},
  FJOURNAL = {American Journal of Mathematics},
    VOLUME = {103},
      YEAR = {1981},
    NUMBER = {4},
     PAGES = {661--682},
      ISSN = {0002-9327},
     CODEN = {AJMAAN},
   MRCLASS = {12H05 (03B25 34A35 62L99)},
  MRNUMBER = {623132 (82i:12028)},
MRREVIEWER = {K. Okugawa},
       DOI = {10.2307/2374045},
       URL = {http://dx.doi.org/10.2307/2374045},
}
        @inproceedings {Singer1980,
    AUTHOR = {Singer, Michael F.},
     TITLE = {Algebraic solutions of {$n$}th order linear differential
              equations},
 BOOKTITLE = {Proceedings of the {Q}ueen's {N}umber {T}heory {C}onference,
              1979 ({K}ingston, {O}nt., 1979)},
    SERIES = {Queen's Papers in Pure and Appl. Math.},
    VOLUME = {54},
     PAGES = {379--420},
 PUBLISHER = {Queen's Univ.},
   ADDRESS = {Kingston, Ont.},
      YEAR = {1980},
   MRCLASS = {12H05 (34C30)},
  MRNUMBER = {634699 (83b:12022)},
MRREVIEWER = {A. M. Vinogradov},
}
        @article {SchecterSinger1980c,
    AUTHOR = {Schecter, Stephen and Singer, Michael F.},
     TITLE = {Planar polynomial foliations},
   JOURNAL = {Proc. Amer. Math. Soc.},
  FJOURNAL = {Proceedings of the American Mathematical Society},
    VOLUME = {79},
      YEAR = {1980},
    NUMBER = {4},
     PAGES = {649--656},
      ISSN = {0002-9939},
     CODEN = {PAMYAR},
   MRCLASS = {58F18 (57R30)},
  MRNUMBER = {572321 (82j:58096a)},
MRREVIEWER = {Michael J. Field},
       DOI = {10.2307/2042516},
       URL = {http://dx.doi.org/10.2307/2042516},
}
        @article {SchecterSinger1980b,
    AUTHOR = {Schecter, Stephen and Singer, Michael F.},
     TITLE = {Separatrices at singular points of planar vector fields},
   JOURNAL = {Acta Math.},
  FJOURNAL = {Acta Mathematica},
    VOLUME = {145},
      YEAR = {1980},
    NUMBER = {1-2},
     PAGES = {47--78},
      ISSN = {0001-5962},
     CODEN = {ACMAA8},
   MRCLASS = {58F14 (34C20)},
  MRNUMBER = {586593 (82e:58075)},
MRREVIEWER = {Freddy Dumortier},
       DOI = {10.1007/BF02414185},
       URL = {http://dx.doi.org/10.1007/BF02414185},
}
        @incollection {SchecterSinger1980a,
    AUTHOR = {Schecter, Stephen and Singer, Michael F.},
     TITLE = {Singular points of planar vector fields},
 BOOKTITLE = {Global theory of dynamical systems ({P}roc. {I}nternat.
              {C}onf., {N}orthwestern {U}niv., {E}vanston, {I}ll., 1979)},
    SERIES = {Lecture Notes in Math.},
    VOLUME = {819},
     PAGES = {393--409},
 PUBLISHER = {Springer},
   ADDRESS = {Berlin},
      YEAR = {1980},
   MRCLASS = {58F14},
  MRNUMBER = {591199 (82d:58054)},
MRREVIEWER = {Freddy Dumortier},
}
        @article {HaimoSingerTretkoff1980,
    AUTHOR = {Haimo, Franklin and Singer, Michael F. and Tretkoff, Marvin},
     TITLE = {Remarks on analytic continuation},
   JOURNAL = {Bull. London Math. Soc.},
  FJOURNAL = {The Bulletin of the London Mathematical Society},
    VOLUME = {12},
      YEAR = {1980},
    NUMBER = {1},
     PAGES = {9--12},
      ISSN = {0024-6093},
     CODEN = {LMSBBT},
   MRCLASS = {30B40 (03D40 20F10)},
  MRNUMBER = {565474 (81j:30009)},
MRREVIEWER = {A. J. Lohwater},
       DOI = {10.1112/blms/12.1.9},
       URL = {http://dx.doi.org/10.1112/blms/12.1.9},
}
        @article {Singer1978b,
    AUTHOR = {Singer, Michael F.},
     TITLE = {The model theory of ordered differential fields},
   JOURNAL = {J. Symbolic Logic},
  FJOURNAL = {The Journal of Symbolic Logic},
    VOLUME = {43},
      YEAR = {1978},
    NUMBER = {1},
     PAGES = {82--91},
      ISSN = {0022-4812},
     CODEN = {JSYLA6},
   MRCLASS = {03C60 (12H05)},
  MRNUMBER = {495120 (80a:03044)},
MRREVIEWER = {S. R. Kogalovski{\u\i}},
       DOI = {10.2307/2271951},
       URL = {http://dx.doi.org/10.2307/2271951},
}
        @article {Singer1978a,
    AUTHOR = {Singer, Michael F.},
     TITLE = {A class of differential fields with minimal differential
              closures},
   JOURNAL = {Proc. Amer. Math. Soc.},
  FJOURNAL = {Proceedings of the American Mathematical Society},
    VOLUME = {69},
      YEAR = {1978},
    NUMBER = {2},
     PAGES = {319--322},
      ISSN = {0002-9939},
   MRCLASS = {02H13 (12H05)},
  MRNUMBER = {0465851 (57 \#5737)},
MRREVIEWER = {Carol Wood},
}
        @article {Singer1977b,
    AUTHOR = {Singer, Michael F.},
     TITLE = {Functions satisfying elementary relations},
   JOURNAL = {Trans. Amer. Math. Soc.},
  FJOURNAL = {Transactions of the American Mathematical Society},
    VOLUME = {227},
      YEAR = {1977},
     PAGES = {185--206},
      ISSN = {0002-9947},
   MRCLASS = {12H05},
  MRNUMBER = {0568865 (58 \#27930)},
}
        @incollection {Singer1977a,
    AUTHOR = {Rosenlicht, Maxwell and Singer, Michael},
     TITLE = {On elementary, generalized elementary, and {L}iouvillian
              extension fields},
 BOOKTITLE = {Contributions to algebra (collection of papers dedicated to
              {E}llis {K}olchin)},
     PAGES = {329--342},
 PUBLISHER = {Academic Press},
   ADDRESS = {New York},
      YEAR = {1977},
   MRCLASS = {12H05},
  MRNUMBER = {0466093 (57 \#5976)},
MRREVIEWER = {R. Cohn},
}
        @article {Singer1976,
    AUTHOR = {Singer, Michael F.},
     TITLE = {Solutions of linear differential equations in function fields
              of one variable},
   JOURNAL = {Proc. Amer. Math. Soc.},
  FJOURNAL = {Proceedings of the American Mathematical Society},
    VOLUME = {54},
      YEAR = {1976},
     PAGES = {69--72},
      ISSN = {0002-9939},
   MRCLASS = {12H05},
  MRNUMBER = {0387260 (52 \#8103)},
MRREVIEWER = {K. Okugawa},
}
        @article {Singer1975,
    AUTHOR = {Singer, Michael F.},
     TITLE = {Elementary solutions of differential equations},
   JOURNAL = {Pacific. J. Math.},
  FJOURNAL = {Pacific Journal of Mathematics},
    VOLUME = {59},
      YEAR = {1975},
    NUMBER = {2},
     PAGES = {535--547},
      ISSN = {0030-8730},
   MRCLASS = {12H05},
  MRNUMBER = {0389874 (52 \#10704)},
MRREVIEWER = {Peter Blum},
}

@inproceedings{bostan13,
 author = "Alin Bostan and Pierre Lairez and Bruno Salvy",
 title = "Creative Telescoping for rational functions using the {G}riffiths-{D}work method",
 booktitle = "Proceedings of ISSAC 2013",
 pages = "93--100",
 year = "2013"
}

@inproceedings{bostan13a,
 author = "Alin Bostan and Shaoshi Chen and Frederic Chyzak and Ziming Li and Guoce Xin",
 title = "Hermite Reduction and Creative Telescoping for Hyperexponential Functions",
 booktitle = "Proceedings of ISSAC'13",
 year = "2013",
 pages = "77--84"
}

@inproceedings{chen12d,
 author = "Shaoshi Chen and Manuel Kauers and Michael F. Singer",
 title = "Telescopers for Rational and Algebraic Functions via Residues",
 booktitle = "Proceedings of ISSAC'12",
 pages = "130--137",
 year = "2012"
}

@book{ince26,
 author = "E. L. Ince",
 title = "Ordinary Differential Equations",
 publisher = "Dover",
 year = "1926"
}

@inproceedings{kauers15b,
 author = "Manuel Kauers and Christoph Koutschan",
 title = "Integral {D}-finite Functions",
 booktitle = "Proceedings of ISSAC'15",
 year = "2015",
 pages = "251--258"
}

@article{zeilberger90,
 author = "Doron Zeilberger",
 title = "A Holonomic Systems Approach To Special Function Identities",
 journal = "Journal of Computational and Applied Mathematics",
 volume = "32",
 pages = "321--368",
 year = "1990"
}

@article{chyzak98,
 author = "Fr{\'e}d{\'e}ric Chyzak and Bruno Salvy",
 title = "Non-commutative Elimination in {O}re Algebras Proves Multivariate Identities",
 journal = "Journal of Symbolic Computation",
 volume = "26",
 pages = "187--227",
 year = "1998"
}

@inproceedings{kauers14c,
 author = "Manuel Kauers",
 title = "Computer Algebra",
 booktitle = "Handbook of Enumerative Combinatorics",
 editor = "Miklos Bona",
 publisher = "Taylor and Francis",
 pages = "975--1046",
 year = "2015"
}

@phdthesis{koutschan09,
 author = "Christoph Koutschan",
 title = "Advanced Applications of the Holonomic Systems Approach",
 school = "RISC-Linz, Johannes Kepler Universit{\"a}t Linz",
 year = "2009"
}

@book{geddes92,
 author = "Keith O. Geddes and Stephen R. Czapor and George Labahn",
 title = "Algorithms for Computer Algebra",
 publisher = "Kluwer",
 year = "1992"
}

@phdthesis{trager84,
 author = "Barry M. Trager",
 title = "On the Integration of Algebraic Functions",
 school = "MIT",
 year = "1984"
}

@inproceedings{chen15a,
 author = "Shaoshi Chen and Hui Huang and Manuel Kauers and Ziming Li",
 title = "A Modified {A}bramov-{P}etkovsek Reduction and Creative Telescoping for Hypergeometric Terms",
 booktitle = "Proceedings of ISSAC'15",
 year = "2015",
 pages = "117--124"
}

@techreport{bostan15,
 author = "Alin Bostan and Pierre Lairez and Bruno Salvy",
 title = "Multiple Binomial Sums",
 institution = "ArXiv",
 number = "1510.07487",
 year = "2015"
}

@article{vanHoeij94,
 author = {Mark van Hoeij},
 title = {An Algorithm for Computing an Integral Basis in an Algebraic Function Field},
 journal = {Journal of Symbolic Computation},
 volume = {18},
 number = {4},
 pages = {353--363},
 year = {1994},
 doi = {http://dx.doi.org/10.1006/jsco.1994.1051},
}

%%%%%%%%%%%%%%%%%%%%%%%%%%%%%%%%%%%%%%%%
